2794 5085
315 328 592 431 aaa&
822 334 1030 439 Lm.
1075 333 1202 408 Ν.
1263 331 1528 421 ροΑΡ.
1561 337 1681 409 ss.
1719 338 1840 409 69.
2200 380 2203 387 ,
2306 335 2458 409 367
2530 342 2535 347 ’

208 491 469 577 animi,
522 488 776 567 effudit
809 488 1188 575 lacrimas„
1229 488 1465 560 iunxit
1511 502 1830 582 questuS,
1895 488 2270 579 audentius
2306 490 2450 573 iam

204 607 461 670 onerat
495 591 884 675 Seianum,¹
929 586 1326 677 saevitiam,
1371 592 1829 682 superbiam,
1881 613 2036 682 spes
2080 591 2253 664 eiu&

193 696 288 777 in
310 693 690 772 Tiberium
723 693 1014 786 quidem
1042 693 1363 767 convicio
1395 694 1722 766 abstinet.
1824 690 2027 786 lique
2067 716 2444 782 sermoneS,
2512 762 2517 765 ,

201 811 547 889 tanquam
587 796 812 869 ,vetita
845 795 1326 881 miscuissent,
1371 795 1678 886 speciem
1700 787 1903 874 'artae
1948 795 2295 871 amicitiae
2336 798 2444 867 fa-
2478 863 2485 870 .

201 923 385 977 nere.
470 922 552 969 ac
571 898 724 969 iam
749 897 938 967 ultro
969 895 1279 967 Sabinus
1304 921 1640 995 quaerere
1665 895 2056 980 Latiarem,
2095 894 2440 969 ventitare

197 1003 533 1084 domum,
586 1000 867 1069 dolores
896 1021 1059 1067 suos
1085 998 1291 1091 quasi
1318 999 1413 1067 ad
1440 999 1862 1068 fidissimum
1892 999 2186 1075 deferre.

189 1102 199 1107 ’
271 1102 278 1109 ’
402 1098 671 1173 LXIX.
719 1097 1184 1184 Consultant,
1224 1123 1403 1192 quos
1430 1100 1853 1185 memoravi,
1884 1125 2198 1192 quonam
2224 1102 2438 1170 modo

195 1229 308 1281 ea
339 1201 958 1294 pluriummuditu
1009 1201 1520 1292 acciperentur.
1632 1226 1801 1271 nam
1842 1202 2037 1288 loco,
2099 1202 2178 1271 in
2227 1226 2440 1295 quem

197 1306 560 1389 coibatur,
609 1305 955 1397 servanda
977 1302 1391 1373 solitudinis
1417 1303 1658 1385 facies:
1704 1317 1772 1374 et
1801 1302 1861 1371 si
1882 1327 2074 1395 pone
2095 1305 2283 1393 {Jores
2311 1305 2441 1374 ad-

196 1409 525 1491 sisterent
542 1419 816 1491 ,metus
839 1405 1067 1490 visus,
1116 1406 1391 1481 sonitus
1417 1419 1542 1475 aut
1560 1407 1749 1476 *forte
1780 1418 1976 1479 ortae
2005 1404 2440 1495 suspiciones

198 1503 424 1581 erant.
525 1518 790 1577 tectum
844 1507 1033 1579 inter
1083 1519 1154 1576 et
1206 1507 1571 1600 laquearia
1628 1520 1769 1578 tres
1815 1522 2201 1589 ‚senatores
2243 1501 2437 1581 haud

200 1612 438 1699 minus
464 1610 663 1702 turpi
690 1610 958 1678 latebra
986 1632 1203 1702 quam
1234 1610 1642 1691 detestanda
1680 1609 1930 1679 fraude
1962 1631 2116 1683 ,sese
2156 1609 2440 1679 abstru-

198 1712 417 1798 dunt,
489 1710 963 1799 foraminibus
1005 1723 1072 1779 et
1107 1710 1310 1780 rimis
1355 1732 1622 1785 aurem‘
1640 1700 2046 1785 admovent.
2162 1706 2437 1781 Interea

194 1812 504 1893 Latiaris
570 1826 932 1905 repertum
997 1812 1077 1880 in
1139 1812 1430 1903 publico
1492 1810 1844 1887 Sabinum
1897 1813 2118 1885 ..velut
2193 1836 2437 1883 recens

194 1916 481 2005 cognita
507 1928 924 1995 narraturus
950 1914 1244 1984 domum
1274 1927 1345 1985 et
1376 1914 1456 1983 in
1483 1915 1891 1984 cubiculum
1916 1908 2170 1997 trahit,
2230 1920 2436 2005 prae-

192 2018 543 2111 teritaque
584 2031 654 2087 et
690 2015 1029 2087 instantia
1044 2070 1065 2100 ,
1126 2040 1435 2108 quorum
1453 2024 1458 2030 “
1474 2017 1766 2093 adfatim
1795 2016 1997 2107 copia
2014 2070 2035 2102 ,
2100 2040 2181 2085 ac
2209 2039 2435 2087 novos

121 2190 130 2201 ,
194 2134 499 2190 terrores
525 2118 863 2195 cumulat.
950 2114 1238 2193 ‚Eadem
1263 2118 1386 2195 ille
1412 2131 1484 2188 et
1507 2118 1809 2203 diutius,
1854 2130 2121 2210 quanto
2148 2130 2432 2203 maesta,

179 2222 328 2291 *ubi
377 2221 590 2290 semel
641 2243 1064 2311 prorupere,
1134 2219 1496 2289 difficilius
1542 2219 1946 2292 reticentur.
2059 2209 2469 2310 properata'

1352 2432 1587 2530 zufdtlz'g
1602 2462 1664 2514 V
1657 2464 1886 2514 erdaoht
1908 2461 2222 2515 entstnnde.
2273 2457 2432 2528 Nam,

1354 2542 1416 2584 ut
1437 2533 1575 2585 bene
1604 2529 1862 2594 intellexit
1876 2527 2308 2589 Freinshemius,
2345 2530 2436 2582 co·

1353 2600 1594 2682 gitabant
1619 2619 1775 2679 posse
1803 2601 1859 2652 in
1886 2600 2004 2671 ipso
2029 2596 2218 2650 Sabini
2248 2597 2433 2654 animo

265 2467 455 2535 effudit
476 2454 747 2525 laerimas
761 2500 778 2528 ,
810 2462 1002 2515 iunxit
1061 2469 1269 2514 aestus·

189 2535 470 2596 Ernestius
494 2533 614 2599 :vult
642 2533 962 2601 iunxitque.
1089 2549 1162 2582 on
1189 2529 1268 2590 vi,-

194 2607 300 2664 deo
356 2605 447 2660 cui
491 2605 674 2662 bono,
745 2620 917 2673 quum
966 2599 1270 2682 asyndeton

2353 615 2554 663 ne·

191 2674 404 2745 egregie
456 2671 584 2735 huic
613 2671 755 2732 loco
808 2678 1117 2725 conveniat.
1191 2666 1267 2721 ef.

190 2754 309 2798 not.
333 2741 403 2797 ad
426 2761 475 2795 e.
497 2738 584 2793 43.
657 2739 813 2807 Quae
837 2737 999 2790 verba
1026 2735 1093 2789 ad
1120 2735 1268 2788 Lati-

190 2814 376 2872 nium,
412 2827 549 2881 quae
574 2807 641 2863 ad
660 2808 925 2862 Lathrem
947 2803 1273 2875 pertineant,

186 2881 314 2942 satis
340 2888 553 2940 constat
583 2895 681 2945 per
708 2877 910 2930 diversa
935 2883 1200 2944 tempora.
1237 2915 1240 2920 ,

241 2952 463 3020 facere.
541 2946 810 3013 ‚Muretus
860 2940 948 2995 alii
990 2959 1058 2992 ue
1103 2941 1266 2994 male·

186 3018 537 3087 bantfi’cere.
606 3013 775 3066 Recte
799 3021 860 3065 ut
887 2960 1019 3062 mibi
1040 3008 1267 3072 videtur,

188 3084 502 3159 quanquam
528 3083 725 3153 facere
757 3099 872 3144 non
908 3078 981 3131 ita
1014 3076 1269 3131 abhorret

188 3175 220 3209 a
245 3156 532 3215 latinitate,
568 3161 627 3204 ut
652 3143 766 3202 sine
790 3147 911 3201 cod.
932 3143 1052 3198 MS.
1083 3156 1265 3204 aucto·

131 3251 134 3256 ·
187 3223 347 3279 ritate
388 3219 538 3276 illam
580 3218 940 3272 mutationem
981 3213 1268 3268 admittere

186 3291 377 3353 velim.

257 3360 400 3415 CAP:
431 3357 520 3411 69.
570 3356 905 3410 Consultant
942 3359 1046 3404 etc.
1115 3348 1267 3403 Ean·

188 3431 316 3494 dem
341 3427 617 3484 historiam
641 3432 829 3478 narrat
851 3420 963 3473 Dio
985 3418 1070 3484 158,
1098 3421 1150 3472 1.

199 3515 204 3524 ·
259 3507 446 3550 metus
578 3499 762 3546 erant.
847 3488 941 3542 Sic
977 3487 1099 3541 cod.
1137 3485 1262 3548 MS.

188 3562 586 3621 edd.‘Be1-oald.
609 3571 663 3613 et
683 3558 920 3628 reliquae
944 3566 1077 3613 vett.
1120 3554 1263 3610 Con·

186 3637 384 3706 iunget
417 3640 602 3685 metus
632 3630 807 3696 (num.
840 3625 985 3698 plur.
1014 3625 1262 3692 Besorg-

187 3707 376 3771 nasse,
427 3711 487 3754 ut
520 3698 648 3751 infr.
690 3715 737 3749 c.
761 3696 845 3748 71.
886 3702 1066 3745 metus
1102 3711 1266 3755 suos,·

184 3774 237 3838 6,
261 3771 343 3826 18.
367 3770 593 3838 priores
618 3774 830 3828 metu33
866 3764 947 3825 14,
967 3761 1051 3814 57.
1078 3770 1265 3814 metus

188 3844 310 3896 eius
346 3840 614 3893 rimatur.
683 3833 819 3886 Hist.
847 3833 898 3891 2,
930 3832 1014 3885 12.
1054 3833 1261 3882 adver-

186 3930 311 3965 sum
350 3908 558 3973 metus)
614 3911 777 3956 erant
814 3901 991 3960 υἰειιε,
1048 3899 1263 3951 sonitus

184 3987 292 4034 aut
313 3978 478 4046 forte
501 3992 554 4028 0.
578 3970 918 4038 suspiciones
942 3968 993 4021 h.
1020 3987 1067 4020 e.
1097 3966 1259 4019 time-

184 4051 391 4108 bantur
415 4041 521 4097 illis
536 4042 695 4104 visuS,
718 4038 925 4091 sonitus
949 4045 1054 4089 etc.
1069 4033 1258 4088 Germ.

187 4113 481 4178 con'verte:
549 4113 742 4164 tracen
801 4106 886 4158 sie
930 4106 1120 4157 Ιιίηίεν
1166 4105 1258 4168 die

189 4186 380 4244 Thiar,
419 4199 485 4234 so
521 4182 719 4238 hatten
743 4175 852 4238 ,sie=
876 4174 967 4226 die
1002 4174 1260 4238 Bes-orgu-

185 4258 339 4314 nisse
365 4252 613 4318 gesehm,
632 4263 702 4297 zu
724 4246 984 4310 werden,
1032 4244 1121 4294 ein
1153 4243 1257 4294 Ge·

185 4324 394 4380 rausch
429 4338 504 4372 ¹zu
547 4314 924 4372 uetursachen
959 4314 1096 4372 oder¹
1131 4308 1279 4381 (1ᾳρ

1356 2669 1491 2724 oriri
1516 2669 1876 2739 suspiciones,
1922 2686 1991 2720 ne
2022 2666 2141 2736 quis
2165 2665 2308 2720 forte
2331 2665 2433 2719 ad·-

1353 2746 1503 2802 stans
1542 2736 1758 2790 foribus
1810 2745 2170 2806 aucuparetur
2217 2753 2433 2798 sermm,¹

1356 2825 1470 2858 nes.
1568 2806 1678 2858 lam
1732 2824 1860 2857 vero
1908 2803 2159 2857 Eruestio
2207 2812 2431 2856 auctore

1353 2872 1517 2926 hodie
1540 2892 1641 2943 pro
1668 2882 1849 2924 metus
1877 2873 2044 2925 edunt
2069 2871 2262 2923 metui.
2321 2865 2432 2923 Sed

1354 2944 1533 2994 metui
1585 2958 1703 2994 esse
1761 2939 1908 2994 aliud
1964 2938 2096 3010 quid
2151 2937 2434 3008 significat,

1350 3028 1550 3079 nempe
1597 3009 1752 3062 adfici
1791 3007 1970 3077 aliqua
2006 3026 2066 3059 re
2117 3006 2175 3059 in
2224 3015 2432 3059 metum

1351 3084 1437 3146 (es
1472 3079 1801 3130 vetursacht
1836 3078 1946 3129 mir
1970 3084 2151 3128 etwas
2177 3075 2235 3128 F
2230 3076 2431 3143 urcht),

1349 3145 1504 3218 quod
1530 3147 1595 3199 ab
1620 3144 1729 3198 hoc
1752 3145 1878 3198 loeo
1908 3142 2150 3197 alienum
2174 3152 2269 3196 est.
2301 3142 2429 3196 Non
2464 3197 2467 3204 ,

1347 3216 1535 3284 metui
1553 3224 1705 3267 erant
1731 3214 1912 3274 visus,
1937 3211 2149 3266 sonitus
2174 3220 2306 3271 ete„
2334 3210 2429 3263 sed
2482 3269 2487 3272 ,

1351 3284 1661 3339 metuebant
1701 3282 1813 3342 illi,
1873 3301 1943 3335 ne
1987 3281 2162 3343 visus,
2218 3279 2426 3332 sonitus

1351 3363 1445 3408 aut
1489 3349 1829 3422 suspiciones
1880 3349 2192 3418 orirentur3
2259 3348 2425 3420 igitur

1349 3422 1523 3483 visus,
1589 3421 1799 3473 sonitus
1850 3430 1953 3472 etc.
2005 3428 2183 3471 metus
2226 3434 2424 3472 eorum

1349 3499 1523 3543 erant.
1595 3486 1681 3540 De
1705 3498 1974 3542 structura
2002 3486 2074 3541 cf.
2102 3485 2239 3539 Hist.
2265 3488 2314 3547 1,
2346 3482 2426 3537 15.

1350 3567 1406 3611 et
1457 3545 1647 3609 ιίἱάίοιῖ
1683 3558 1801 3609 mei
1840 3561 2234 3626 documentum
2270 3553 2424 3624 (non

1346 3628 1702 3706 documento)
1727 3624 1843 3677 sint
1863 3642 1979 3677 non
2005 3643 2170 3682 meae
2194 3632 2423 3676 tantum

1346 3696 1787 3747 necessitudmes
1804 3733 1822 3754 ‚
1877 3712 2022 3764 quas
2055 3694 2159 3745 tibi
2185 3701 2417 3759 postpo-

1347 3766 1462 3822 sui,
1497 3766 1596 3815 sed
1636 3771 1691 3814 ct
1719 3771 1870 3816 tuae.
1944 3763 2056 3815 An.
2078 3763 2130 3822 6,
2156 3761 2243 3813 29.
2281 3759 2419 3813 inci-

1347 3840 1664 3884 tomentum
1736 3833 1936 3885 mortis
2007 3832 2144 3897 (non
2209 3830 2410 3881 incita-

1346 3902 1575 3969 mento).
1611 3900 1685 3952 cf.
1716 3907 1834 3954 not.
1864 3900 1931 3952 ad
1962 3900 2044 3961 12,
2071 3899 2157 3950 40.
2227 3897 2417 3950 Minus

1346 3967 1510 4022 etiam
1561 3966 1705 4023 valet
1752 3967 2003 4020 Rhenani
2066 3965 2410 4021 coniectura:

1342 4046 1507 4089 ortae
1545 4035 1880 4102 suspicionis
1917 4046 2073 4096 erat,
2115 4053 2284 4105 quam
2318 4050 2413 4084 re..

1341 4124 1536 4175 cepere
1574 4103 1922 4167 Gronovius,
1964 4102 2234 4176 Ryckius,
2266 4102 2411 4155 Bro-

1341 4175 1510 4242 terius
1535 4173 1746 4243 aliique.

1410 4250 1644 4311 quanto.
1716 4241 1809 4296 Sic
1838 4242 1964 4295 cod.
1994 4240 2117 4293 MS.
2150 4239 2259 4307 (hie
2282 4257 2405 4293 cor—

1345 4320 1506 4385 rupte
1544 4313 1810 4380 qaranto)
1853 4310 1975 4365 edd.
2013 4308 2267 4364 Beroald.
2315 4309 2406 4362 Al-
