2794 5085
347 402 358 427 η.
386 329 539 405 420
721 414 729 423 ⁸
905 382 908 387 -
1197 323 1814 433 ANNALIUM
2038 424 2043 433 ⁴
2132 325 2274 422 2:¹0³:
2302 325 2404 421 ’ἓξὲξ
2422 325 2531 425 ⁷333

396 487 524 569 diu
561 482 839 575 nescius
874 504 1042 551 mox
1080 485 1613 575 quoquomodo
1645 484 1833 554 dicta
1857 485 2139 576 vulgari
2162 488 2473 560 malebat
2503 506 2651 558 vor-
2758 466 2759 501 ³

397 587 796 681 finitisque,
848 584 964 659 cui
989 584 1304 655 adulatio
1336 582 1589 671 officit,
1641 572 1771 678 per
1799 588 2061 677 probra
2090 589 2340 674 saltem
2364 613 2648 680 gnarus

397 691 571 762 fieri.
675 686 955 759 ,Iisdem
1011 688 1262 757 diebus
1308 685 1626 759 Granius
1666 687 2070 763 Martianus
2120 705 2405 761 senator
2464 717 2509 761 a
2551 689 2646 764 C.

400 786 725 862 Graccho
751 789 1133 859 maiestatis
1158 791 1550 881 postulatus
1574 791 1724 858 vim
1750 790 1939 861 vitae
1964 815 2128 861 suae
2152 794 2422 866 attulit:
2483 792 2644 863 Ta-

397 896 680 986 tiusque
697 888 1087 961 Gratianus
1112 900 1441 982 praetura
1466 894 1755 967 functus
1782 893 1934 984 lege
1963 896 2210 964 eadem
2239 909 2644 967 extremum

397 999 486 1085 ad
520 994 952 1091 supplicium
976 995 1372 1065 damnatus.-

598 1093 940 1168 XXXIX.
990 1093 1138 1165 Nec
1166 1096 1481 1186 dispares
1497 1094 1942 1166 Trebellieni
1956 1095 2130 1168 Rufi
2156 1113 2225 1170 et
2251 1097 2484 1169 Sextii
2496 1097 2643 1168 Pa.-

395 1199 682 1270 coniani
710 1198 962 1270 exitus.'
1026 1221 1195 1267 nam
1224 1196 1723 1271 Trebellienus
1751 1222 1874 1268 sua
1904 1225 2126 1270 manu
2154 1202 2443 1286 cecidit,
2494 1198 2639 1270 Pa-

397 1303 740 1383 conianus
779 1300 858 1367 in
901 1310 1176 1373 carcere
1210 1300 1306 1370 ob
1346 1301 1663 1370 carmina
1702 1301 1854 1371 illic
1894 1302 1975 1373 in
1997 1304 2399 1395 principem
2424 1305 2645 1372 facti:
2716 1346 2723 1349 -

393 1419 539 1475 tata
574 1401 1049 1492 strangulatus
1080 1417 1203 1473 est.
1305 1399 1501 1472 Haec
1529 1399 1868 1472 Tiberius
1909 1428 2058 1474 non
2099 1405 2284 1474 mari
2323 1419 2411 1474 ut
2458 1406 2637 1476 olim

337 1506 340 1511 ’
398 1506 668 1576 divisus
694 1527 922 1597 neque
948 1527 1077 1593 per
1101 1504 1534 1596 longinquos
1561 1505 1853 1573 nuntios
1880 1507 2297 1601 accipiebat,
2347 1507 2481 1576 sed
2510 1532 2639 1577 ‘ur-

396 1610 560 1677 bem
585 1608 813 1690 iuxm,
849 1606 1099 1673 eodem
1125 1620 1206 1675 ut
1232 1607 1349 1674 die
1373 1607 1489 1674 vel
1512 1607 1741 1675 noctis
1768 1608 2144 1690 interiectu
2170 1609 2428 1679 litteris
2462 1634 2640 1679 con-

399 1712 636 1797 sulum
663 1708 1115 1792 rescriberet,
1177 1707 1380 1800 quasi
1409 1708 1756 1799 aspiciens
1783 1712 2177 1781 undantem
2208 1735 2342 1801 per
2377 1713 2641 1780 domos

398 1812 814 1901 sanguinem
855 1823 975 1878 aut
1011 1833 1266 1883 manus
1300 1810 1741 1883 carnificum·
1834 1810 2014 1883 Fine
2056 1807 2231 1882 anni
2256 1811 2641 1903 Poppaeus

398 1911 707 1986 Sabinus
772 1912 1111 1982 concessit
1166 1912 1345 1998 vita,
1422 1914 1745 1982 modicus
1811 1914 2145 2003 originis,
2220 1915 2644 2006 principum

398 2015 708 2086 amicitia
741 2015 1186 2105 consulatum
1214 2039 1292 2083 ac
1315 2009 1751 2107 ¹triumphale
1781 2015 1992 2085 decus
2021 2017 2355 2108 adeptuS,
2406 2018 2642 2087 maxi-

398 2116 673 2212 misque
705 2117 1095 2209 provinciis
1122 2140 1248 2207 per
1281 2130 1617 2209 quattuor
1655 2131 1723 2186 et
1762 2117 2019 2206 viginti
2061 2142 2290 2187 annos
2335 2118 2643 2209 imposi-

401 2234 515 2290 tus
534 2275 555 2304 ‚
615 2220 890 2289 nullam
930 2219 1023 2289 ob
1064 2218 1392 2289 eximiam
1433 2232 1694 2303 artem,
1758 2221 1882 2288 sed
1922 2220 2116 2313 quod
2159 2244 2293 2312 par
2327 2220 2640 2310 negotiis

401 2346 631 2416 neque
664 2346 876 2414 supra
908 2335 1077 2392 erat.

419 2424 426 2429 ’
606 2420 757 2497 XL.
828 2419 916 2510 Q.
956 2419 1315 2506 Plautius,
1355 2492 1356 2495 ,
1390 2422 1551 2498 Sex.
1589 2420 1934 2515 Papinius
1980 2448 2153 2496 coss,
2215 2439 2641 2517 sequuntur.
2729 2444 2732 2459 ‘

400 2523 511 2599 Eo
551 2550 740 2596 anno
758 2580 780 2611 ‚
829 2517 1116 2618 *neque
1147 2527 1342 2617 quod
1364 2522 1453 2599 L.
1467 2519 1813 2618 Aruseius
1835 2540 2062 2597 morte
2092 2526 2350 2598 adfecti
2381 2527 2643 2614 forent,

470 2758 694 2811 quoquo
743 2743 932 2791 modo,
1039 2722 1134 2791 Sic
1178 2738 1302 2798 cod.
1350 2739 1478 2794 MS.
1635 2712 1975 2807 triumphale
2000 2707 2184 2795 decus·
2255 2742 2331 2795 cf.
2355 2741 2414 2800 4,
2440 2740 2539 2795 46.

404 2812 524 2865 edd.
585 2820 709 2862 vett.
775 2818 827 2860 et
853 2827 861 2838 *
884 2808 1037 2860 Pich.
1083 2827 1205 2881 sqq.
1266 2826 1479 2878 quoque
1634 2812 2021 2878 maximisque
2064 2811 2388 2877 prouinciis.
2484 2809 2642 2863 Moe-

390 2883 573 2933 modo
602 2877 728 2931 edd.
753 2876 897 2947 Lips.
926 2876 1087 2929 Grut.
1241 2879 1248 2884 ’
1457 2879 1469 2893 ’
1565 2881 1672 2933 siae
1703 2881 1748 2942 1,
1775 2881 1859 2931 80.
1936 2878 2292 2932 Macedoniae
2328 2889 2386 2931 et
2411 2878 2642 2931 Achaiae

429 2973 456 2996 x,
470 2958 718 3001 senator.
790 2946 865 3004 cf.
890 2957 1008 2999 not.
1043 2945 1108 2999 ad
1138 2943 1188 3004 8.
1216 2944 1303 2999 36.
1564 2951 1614 3014 5,
1649 2950 1730 3000 10.

342 3070 349 3082 ,
411 3051 422 3058 -
478 3019 796 3083 Τᾱείαεᾳασ.
884 3009 978 3067 Sic
1017 3015 1141 3067 edd.
1184 3016 1311 3067 Ber.
1357 3032 1478 3084 sqq.
1622 3022 1815 3085 neque
1837 3033 2015 3081 supra
2051 3024 2196 3069 erat.
2267 3016 2468 3085 Neque
2498 3017 2639 3068 enim

407 3087 723 3167 Tariusque
753 3084 876 3137 cod.
903 3082 1027 3137 MS.
1056 3092 1175 3136 test.
1204 3083 1308 3136 lac.
1339 3080 1480 3135 Gro-
1567 3086 1856 3206 eminentis
1871 3083 2110 3207 {vig-Butes
2139 3086 2459 3138 sectabatur
2474 3084 2639 3138 Tibe-

405 3173 590 3210 novzo.
1567 3175 1699 3208 nus.
1774 3174 1804 3208 c
1831 3194 1844 3206 .
1903 3191 1919 3213 .
2011 3192 2025 3206 .

479 3223 614 3276 CAP.
651 3221 737 3274 89.
795 3220 1136 3275 Trebelliem‘
1179 3220 1335 3289 Rufi.
1411 3218 1483 3274 cf.
1636 3223 1773 3276 CAP.
1799 3223 1886 3276 40.
1939 3222 2006 3293 Q.
2043 3220 2318 3276 Plautius.
2390 3223 2500 3277 Sic·
2523 3223 2644 3281 edd.

403 3295 452 3358 2,
484 3294 570 3345 67.
608 3288 657 3354 3,
683 3289 770 3343 38.
1205 3323 1206 3328 =
1566 3292 1810 3345 Rhenan.
1864 3311 1888 3343 s
1929 3310 1980 3361 q.
2071 3290 2335 3361 Quintius
2378 3294 2470 3345 Pl.
2520 3291 2640 3346 edd.

474 3365 637 3418 Sext.
674 3359 1000 3412 Paconiani.
1070 3360 1142 3412 cf.
1180 3377 1328 3428 supr.
1374 3377 1424 3411 c.
1450 3357 1484 3411 8
1567 3360 1817 3414 Beroald.
1830 3361 1894 3499 ρΑ
1917 3379 1964 3412 c.
1992 3361 2140 3430 quod
2173 3359 2382 3415 Victor.
2410 3363 2468 3414 in
2492 3380 2537 3415 s.
2569 3379 2642 3413 ex.

383 3440 458 3482 et
485 3432 538 3481 4.
1569 3448 1714 3485 corr.
1744 3430 1802 3481 in
1884 3468 1898 3482 .
1952 3456 1955 3460 ⁴

445 3501 450 3508 '
481 3500 676 3560 urbem
712 3498 895 3549 iuxta.
970 3495 1077 3549 Dio
1120 3497 1200 3558 58,
1230 3493 1315 3548 24.
1357 3499 1489 3564 περί
1639 3517 1702 3549 eo
1729 3515 1918 3559 amm,
1966 3496 2186 3565 *neque
2212 3503 2366 3567 quod
2385 3499 2460 3552 L.
2487 3502 2640 3562 Aru-2

408 3587 467 3621 τε
491 3566 552 3621 τὸ
571 3563 840 3633 Ἀλβανὸν
861 3567 953 3618 καὶ
977 3565 1103 3638 περὶ
1124 3563 1185 3619 τὸ
1209 3560 1485 3619 Τούσκου·
1569 3568 1743 3619 seius.
1816 3566 1909 3619 Sic
1933 3565 2054 3619 libri
2079 3575 2207 3619 vett.
2224 3568 2504 3623 Lacunam
2531 3589 2640 3622 esse

411 3640 511 3691 lov
539 3638 854 3705 διατρίβων.
1569 3635 1712 3687 inter
1750 3652 1900 3687 anno
1939 3645 1991 3687 et
2025 3651 2201 3702 neque
2234 3636 2464 3707 plurimi
2502 3657 2640 3692 con·-

480 3722 685 3758 manus
705 3703 1050 3770 carnificum.
1109 3701 1203 3755 Sic
1227 3700 1347 3755 cod.
1361 3699 1483 3755 MS.
1570 3701 1826 3757 sentiani.
1910 3691 2052 3756 Hinc
2082 3705 2403 3760 Vetti-anius
2447 3708 2637 3778 explet:

379 3776 533 3830 redd.
583 3773 834 3825 Beroald.
882 3772 999 3826 Ale.
1094 3770 1349 3824 Restituit
1386 3771 1486 3822 Pi-
1569 3790 1635 3823 eo
1675 3789 1842 3841 ,ᾳηηο
1887 3790 2061 3839 neque
2109 3778 2260 3840 quod
2307 3777 2420 3827 alii
2460 3786 2638 3846 ‘neque

407 3848 590 3901 ebena.
659 3841 799 3895 Nam
828 3841 947 3895 edd.
965 3840 1206 3894 Rhenan.
1221 3858 1341 3912 sqq.
1364 3858 1485 3890 ma-
1569 3846 1719 3909 quod
1763 3840 1829 3892 L.
1864 3840 2166 3902 Aruseius,
2212 3845 2439 3898 nemine
2485 3848 2634 3917 plau-

404 3932 565 3967 num.
1570 3910 1746 3962 dente.
1843 3907 2061 3963 Rectius
2120 3911 2209 3964 alii
2266 3913 2636 3969 damnatorum

414 3984 777 4049 ›²Poppaeus·
825 3980 1088 4034 Sabinus,
1178 3975 1249 4030 cf.
1302 3980 1347 4038 1,
1395 3978 1483 4030 80.
1548 3979 1792 4031 'nomina
1836 3977 2096 4048 quaedam
2134 3980 2388 4076 esicidisse
2433 3995 2632 4054 putant.

405 4054 454 4113 4,
493 4053 579 4103 46.
628 4051 675 4111 5,
717 4052 798 4101 10.
883 4046 992 4114 Dio
1036 4045 1118 4107 58,
1153 4045 1237 4097 25.
1269 4043 1483 4112 ’ἣδιστα
1568 4043 1705 4101 Sunt
1739 4046 1895 4114 etiam
1932 4048 2024 4111 qui
2065 4066 2177 4100 non
2219 4049 2287 4102 de
2321 4048 2517 4105 lacuna
2548 4073 2630 4112 ex-

346 4149 349 4156 ·
405 4113 810 4190 προαπηλλάγη
848 4119 980 4185 πρίν
1010 4130 1133 4167 τινα
1166 4118 1350 4167 αἰτίαν
1377 4118 1509 4167 λα-“
1567 4115 1761 4187 plenda
1789 4134 1948 4185 quam
1974 4116 2153 4184 potius
2179 4117 2245 4170 de
2269 4120 2629 4185 emendandis,

406 4177 544 4257 ῥεῖν.
615 4188 739 4240 Non
778 4186 942 4257 igitur
982 4204 1077 4236 sua
1114 4195 1337 4253 sponte,
1386 4184 1480 4237 sed
1567 4203 1703 4305 Euae
1726 4183 1943 4245 adsunt,
1976 4185 2153 4237 v'erbis
2179 4188 2437 4257 cogitent.
2488 4189 2529 4241 1.
2545 4190 2627 4242 Fr.

409 4257 632 4312 naturali
679 4264 856 4307 morte
900 4253 1183 4306 concessit.
1267 4252 1477 4324 Lipsius
1620 4250 1909 4318 ronovius:
1970 4269 2034 4303 eo
2072 4270 2232 4304 anno
2271 4272 2455 4324 neque
2492 4262 2630 4326 quod

405 4326 643 4380 Dionem
670 4324 807 4377 male
834 4323 1180 4376 intelflexerat.
1562 4322 1626 4376 L.
1658 4320 1886 4375 Aras-eii
1921 4322 2095 4392 (pater
2116 4332 2169 4392 et
2199 4321 2362 4393 filius)
2397 4345 2473 4379 m.
2498 4348 2553 4382 α.
2572 4328 2624 4396 fi
