2794 5085
396 323 535 383 xn
1140 300 1866 380 PRAEFATIO.

394 460 809 539 tuordecim.
909 456 1184 535 Novem
1216 458 1502 552 penitus
1544 460 1947 551 perierunt,
1998 458 2376 554 supersunt
2416 436 2636 558 quat..

396 584 561 641 tuor
585 561 843 654 integri
874 574 941 631 et
963 561 1252 635 initium
1284 562 1459 661 libri
1499 562 1754 655 quinti.
1857 561 1960 632 At
1998 577 2166 645 sunt
2203 565 2330 658 qui
2369 578 2639 636 nume-
2753 556 2754 573 ¹

395 694 559 740 rum
613 664 1174 761 quattuordecim
1230 663 1583 734 librorum
1638 665 1851 734 rebus
1904 689 2130 765 usque
2183 668 2276 736 ad
2314 664 2637 747 Nervam

398 769 809 842 enarrandis
863 761 1054 836 haud
1109 766 1463 839 suffecisse
1509 779 1779 857 putent.
1884 764 2125 855 Quare
2177 750 2639 861 suspicantur

394 870 917 967 Hieronymum
970 881 1156 938 recte
1216 869 1504 961 ‘quidem
1567 868 1820 938 dixisse
1880 869 2171 960 triginta
2217 872 2637 958 volumina,

396 976 655 1070 quibus
686 960 975 1043 Tacitus
1012 967 1366 1051 Historias
1399 971 1733 1059 ‘videatur
1776 970 2115 1059 edidisse,
2164 974 2344 1042 falso
2385 988 2635 1055 autem

391 1079 695 1148 eundem
724 1074 1246 1168 Hieronymum
1289 1073 1416 1143 illo
1455 1076 1752 1143 numero
1788 1088 2170 1170 utrumque
2204 1099 2417 1167 opus,
2465 1075 2638 1147 An-

392 1181 665 1251 nalium
709 1190 779 1249 et
811 1173 1328 1262 Historiarum,
1379 1199 1528 1245 esse
1569 1176 2037 1268 complexum.
2081 1168 2082 1171 ¹
2138 1179 2225 1250 cf.
2254 1171 2632 1263 Niebuhr,

394 1280 568 1352 iiber
611 1276 748 1350 den
783 1269 1277 1349 Untersclzied
1307 1269 1677 1348 zwisalten
1710 1273 2058 1348 Annalen
2107 1274 2268 1349 und
2291 1277 2633 1355 Historie

351 1374 358 1389 ’
396 1388 501 1455 in:
544 1374 983 1455 Rheinisclz.
1017 1373 1363 1450 Muscam
1396 1381 1546 1478 fiir
1581 1372 2007 1477 Philologie
2049 1396 2177 1454 etc.
2249 1381 2344 1456 Ῑ-Ι.
2375 1379 2629 1475 Jahrg.

370 1486 686 1572 *2.Heft,
720 1509 791 1579 p.
816 1481 969 1554 293
1000 1505 1151 1577 sqq.
1255 1481 1397 1553 Sed
1428 1483 1545 1552 vix
1574 1484 1907 1554 credibile
1948 1498 2050 1554 est
2074 1482 2629 1581 Hieronymum,

395 1589 519 1683 qui
548 1590 819 1659 diserte·
851 1580 1048 1655 addit
1074 1586 1248 1682 'post
1276 1578 1692 1678 Augustum
1730 1607 1955 1684 usque
1984 1581 2097 1656 ad
2118 1574 2414 1657 mortem
2442 1584 2623 1656 Do-

394 1688 727 1771 mitiani,
796 1688 1008 1758 istum
1055 1711 1266 1781 quem
1311 1688 1665 1778 imputant
1709 1713 2024 1762 errorem
2067 1691 2491 1759 commisisse
2540 1691 2627 1759 in
2718 1704 2724 1711 ’

391 1821 467 1865 re
494 1790 819 1864 litteratis
845 1805 1016 1861 tunc
1053 1788 1390 1880 temporis
1417 1784 1828 1860 hominibus
1853 1785 2043 1862 haud
2082 1793 2295 1862 dubie
2337 1793 2631 1867 tritissi-

393 1923 531 1972 ma.
631 1888 833 1965 Nihil
873 1905 1116 1962 contra
1155 1891 1500 1977 dicerem,
1553 1893 1612 1962 si
1644 1892 1945 1985 scriptor
1971 1878 2352 1964 ille‘verbis
2377 1896 2632 1986 proxi-

389 2025 505 2070 me
533 1992 835 2084 laudatis
862 2019 1012 2064 non
1040 1993 1380 2086 expressis
1427 1994 1841 2085 simpliciter
1882 1996 2196 2065 dixisset:
2249 1996 2382 2093 qui
2425 1995 2626 2066 citas
2672 2018 2678 2025 ·

391 2094 802 2197 Caesarum
849 2093 1165 2190 tn‘ginta
1206 2091 1702 2166 voluminibus
1747 2097 2106 2181 exaravit.
2206 2090 2538 2173 Ceterum
2585 2124 2628 2168 e

392 2204 730 2298 temporis
796 2200 1059 2293 spatio,
1137 2201 1331 2293 quod
1384 2199 1812 2292 'superstites
1889 2199 2370 2272 Historiarum
2447 2201 2626 2271 libri

340 2386 345 2389 ,
392 2308 1001 2401 complectuntur,
1034 2295 1222 2370 nihil
1248 2302 1424 2372 certi
1453 2303 1736 2372 definiri
1762 2316 1988 2395 potest
2014 2304 2101 2371 de
2134 2327 2430 2375 numero
2459 2328 2626 2395 per-

392 2411 706 2480 ditorum
749 2407 1142 2489 librorum,
1218 2404 1344 2496 qui
1407 2405 1706 2476 debebat
1759 2428 2141 2495 congruere
2197 2430 2347 2475 non
2392 2405 2628 2492 annis,
2714 2452 2718 2457 -

393 2513 514 2582 sed
546 2512 759 2582 rebus
797 2507 1043 2600 gestiS..
1401 2573 1408 2582 .
1651 2549 1658 2555 ·
1965 2583 1989 2596 ‚
2123 2547 2136 2580 ι

604 2681 666 2775 ξ’.
703 2681 833 2774 12.Ι
885 2670 1300 2746 Annalium
1334 2670 1535 2746 libri.
1634 2674 1800 2746 Hosx
1822 2674 2171 2769 prodiisse
2210 2690 2372 2768 post
2411 2678 2623 2747 abso-

398 2788 625 2857 lutum
697 2780 1179 2852 Historiarum
1216 2857 1219 2864 f
1257 2804 1435 2872 opus
1510 2780 1714 2848 docet
1785 2781 1980 2847 locus
2051 2774 2246 2851 Ann.
2311 2776 2443 2865 XI,
2503 2780 2621 2854 11.

394 2881 799 2982 Utriusque
830 2879 1190 2979 principis
1224 2879 1545 2951 rationes
1585 2877 2081 2977 praetermitto
2118 2879 2309 2950 satis
2344 2905 2623 2949 narru—

395 3000 515 3057 tas
562 2985 816 3088 Ιίρνἱε,
882 2981 1147 3084 quibus
1196 3006 1306 3053 res
1356 2978 2290 3080 imperatoris-Domitiani
2333 3007 2621 3081 compo-

391 3081 530 3162 sui.¹
656 3087 1075 3161 Accuratius
1116 3087 1347 3170 etiam
1376 3075 1710 3156 editionis
1748 3100 2024 3176 tempus
2061 3087 2342 3156 definiri
2391 3100 2624 3177 potest

396 3217 431 3263 e
487 3197 644 3264 loco
706 3188 897 3264 Ann.
941 3187 1034 3275 II,
1071 3190 1194 3263 61.
1240 3184 1484 3259 ‘Exin
1559 3195 1840 3256 ventum
1903 3182 2456 3286 Elephantinen
2526 3211 2621 3257 ac

395 3294 718 3390 Syenen,
793 3289 1124 3362 claustra
1181 3286 1360 3360 olim
1404 3285 1748 3361 Romani
1790 3288 2113 3387 imperii,
2183 3283 2623 3388 quod'nunc

397 3397 694 3467 rubrum
728 3390 839 3463 ad
863 3418 1064 3464 mare
1086 3390 1416 3490 patescit.
1513 3389 1841 3487 Namque
1869 3394 1959 3463 ad
2001 3388 2194 3463 hunc
2228 3392 2620 3462 terminum
2657 3383 2662 3388 ⁵

396 3489 748 3570 Traianus
798 3497 1178 3590 imperium
1223 3506 1677 3585 promoverat
1733 3495 2177 3588 expeditione
2227 3496 2306 3563 in
2350 3490 2623 3566 Orien-

394 3620 539 3673 tem
588 3604 770 3673 facta
818 3626 932 3673 an.
974 3599 1132 3670 urb.
1168 3595 1336 3668 867.
1375 3611 1445 3667 et
1488 3594 1659 3696 868.
1707 3592 1806 3690 (p.
1847 3592 2021 3673 Chr.
2062 3594 2231 3667 114.
2276 3611 2345 3667 et
2394 3593 2619 3695 115..)

364 3704 620 3796 igitur
659 3703 874 3773 scribi
913 3702 1033 3770 illa
1078 3699 1554 3793 nequiverunt
1582 3712 1744 3768 ante
1777 3724 1891 3773 an.
1921 3699 2079 3772 urb.
2116 3697 2285 3773 868.

592 3837 925 3922 Ceterum
969 3835 1049 3902 in
1088 3827 1454 3903 codicibus
1484 3830 1697 3905 MSS.
1719 3834 2234 3926 'veteribusque
2278 3832 2622 3914 editioni-

395 3948 528 4028 bus
556 3943 705 4012 duo
730 3962 943 4030 opera
973 3931 1369 4028 Annalium
1405 3948 1475 4005 et
1502 3932 1983 4008 Historiarum
2026 3935 2123 4005 ita
2163 3935 2621 4025 coniungun-

238 4027 243 4030 x
364 4045 546 4130 ·tur‘,
595 4058 678 4115 ut
717 4064 946 4111 unum
985 4039 1367 4109 videantur
1408 4021 1678 4108 efficere
1721 4051 2323 4131 numerenturque
2368 4034 2623 4109 Histo-

264 4165 267 4170 ’
391 4150 660 4217 riarum
698 4141 870 4214 libri
909 4154 1068 4232 post
1098 4136 1495 4212 Annalium
1541 4141 1781 4210 eadem
1822 4139 2018 4212 serie.
2081 4149 2084 4154 ’
2118 4134 2218 4209 At
2257 4139 2620 4212 diversum

395 4274 539 4318 esse
571 4261 949 4339 utrumque
977 4267 1156 4337 opus
1184 4243 1601 4336 diversoque
1632 4254 1945 4335 tempore
1980 4241 2252 4312 editum
2294 4243 2465 4314 satis
2502 4244 2623 4315 in-
