2794 5085
226 330 499 384 A'Uffm.

225 391 502 451 mou,

812 332 1019 424 LIB.
1068 343 1132 424 1.
1232 340 1470 420 CAP.
1516 349 1589 423 6
1638 308 1711 420 7.
2278 349 2378 469 1²3

109 466 265 597 que
307 498 679 592 Augustus
734 503 824 570 ‘de
873 466 1216 572 moribus
1241 502 1711 573 adulescentis
1757 513 2098 595 questus
2056 554 2079 588 ,
2117 516 2214 574 ut
2251 506 2376 573 εἰ-

118 606 376 675 silium
424 606 574 673 eius
616 618 897 673 senatus
925 605 1248 697 consulto
1288 603 1681 679 sanciretur
1696 659 1718 691 ,
1781 605 2198 695 perfecerat:
2258 629 2375 676 ce·-

116 723 366 777 terum
405 708 486 774 in
512 706 783 774 nullius
808 730 1128 804 unquam
1163 730 1459 795 suorum
1485 728 1729 775 necem
1771 707 2088 792 duravit,
2139 728 2373 800 neque

115 823 455 878 mortem
480 808 726 899 nepoti
774 832 906 898 pro
947 808 1317 878 securitate
1353 808 1665 900 privigni
1702 809 2002 878 inlatam
2036 810 2376 879 credibile

121 925 304 984 erat.
425 909 722 1001 propius
774 934 942 979 vero
993 898 1368 979 Tiberium
1425 935 1505 980 ac
1540 909 1858 996 Liviam,
1916 911 2125 981 illum
2158 925 2379 999 metu,

113 1010 310 1083 hanc
352 1012 853 1081 novercalibus
897 1012 1120 1096 odiis,
1185 1012 1490 1104 suspecti
1533 1025 1600 1090 et
1640 966 1868 1084 invisi
1894 1013 2173 1083 iuvenis
2214 1039 2373 1083 cae-

106 1118 290 1187 ,dem
338 1114 801 1185 festinavisse.
937 1113 1321 1184 Nuntianti
1365 1115 1804 1199 centurioni,
1860 1128 1944 1185 ut
1986 1139 2144 1185 mos
2177 1116 2398 1211 mili--¹

119 1219 303 1301 tiae,
371 1218 640 1285 factum
693 1239 874 1299 esse,
945 1216 1140 1307 quod
1200 1215 1640 1307 imperasset:
1715 1241 1947 1309 neque
1992 1216 2386 1310 imperasse¹
2455 1276 2456 1279 η

117 1338 271 1391 sese
311 1333 385 1387 et
415 1318 770 1386 rationem
805 1318 972 1385 facti
1007 1317 1446 1387 reddendam
1485 1319 1675 1409 apud
1716 1333 2040 1389 senatum
2077 1344 2376 1412 respon-

115 1412 241 1492 dit.
380 1417 601 1507 Quod
658 1412 1033 1511 postquam
1075 1418 1460 1499 Sallustius
1500 1418 1791 1511 Crispus
1853 1421 2203 1512 particeps
2263 1445 2374 1490 se-

110 1514 487 1597 cretorum
534 1517 629 1615 (is
665 1523 755 1589 ad
804 1521 1176 1589 tribunum
1215 1521 1507 1623 miserat
1552 1520 1957 1617 codicillos)
2005 1519 2371 1614 comperit,

116 1637 463 1693 metuens
497 1647 591 1693 ne
631 1646 795 1692 reus
831 1608 1288 1707 subderetur,
1353 1623 1547 1710 iuxta
1598 1624 1995 1719 periculoso
2049 1626 2206 1695 ficta
2245 1649 2372 1696 seu

124 1751 286 1794 vera
328 1706 728 1816 promeret,
793 1724 1076 1794 monuit
1114 1723 1431 1811 Liviam,
1469 1749 1586 1798 ne
1631 1750 1886 1797 arcana
1928 1727 2216 1812 domus,
2277 1751 2371 1794 ne

128 1828 447 1923 cousuha
500 1826 930 1911 amicorum,
1022 1827 1421 1897 ministeria
1499 1808 1813 1897 ¹militum
1886 1782 2373 1918 vulgarentur,

126 1942 307 2007 neue
348 1924 694 2007 Tiberius
741 1929 891 2019 vim
935 1928 1376 2020 principatus
1417 1929 1801 2031 resolveret
1838 1945 2088 2000 cuncta
2135 1930 2228 1998 ad
2262 1954 2373 2001 sck
2440 2003 2444 2007 ,

237 2030 774 2127 ‘vocando
842 2054 998 2098 eam
1039 2031 1524 2099 conditionem
1575 2026 1719 2099 esse
1773 2032 2215 2135 imperandi,
2293 2045 2373 2101 ut

504 2138 509 2142 ’
524 2132 724 2200 ratio
736 2125 1062 2215 ίἸξοιιεῐιιῃ
1098 2157 1343 2223 quam
1354 2133 1416 2199 si
1446 2133 1578 2200 uni
1605 2128 1959 2204 reddatur.

232 2228 666 2353 ffith
694 2239 1026 2317 Romae
1029 2270 1236 2315 ruere
1280 2247 1359 2313 in
1406 2248 1774 2316 servitium
1819 2247 2175 2331 consuleS,
2244 2230 2372 2337 pa—

134 2328 307 2432 tres,
373 2352 614 2441 eques:
688 2361 955 2443 quanto
1014 2348 1172 2440 quis
1226 2348 1634 2434 inlustrior,
1697 2363 1924 2418 tanto
1913 2349 2164 2438 magis
2211 2348 2375 2419 falsi

122 2477 204 2521 ac
269 2451 718 2537 festinanteS,
797 2451 1143 2544 vultuque
1205 2452 1629 2570 composite,
1704 2476 1834 2520 ne
1857 2450 2032 2521 laeti
2088 2474 2372 2522 excessu
2453 2549 2465 2555 -

117 2667 270 2718 idem
297 2664 632 2733 prodigium
673 2663 1065 2725 nuntiaretur,
1101 2662 1205 2730 se·
1290 2662 1478 2717 habet·
1546 2664 1947 2719 condicionem.
2054 2662 2162 2716 Sed
2198 2657 2371 2717 ‘idem

117 2738 237 2787 riae
286 2752 399 2801 per
456 2751 661 2785 novem
711 2734 830 2784 dies
885 2742 1205 2798 agerentur.
1293 2751 1341 2785 c.
1395 2731 1482 2786 56.
1545 2733 1962 2806 condi'taonibuS.

119 2804 270 2856 ldem'
307 2808 353 2864 1,
388 2801 477 2854 24.
526 2802 780 2865 cuiusque
811 2798 938 2853 dicit
974 2819 1073 2869 Ριο
1109 2818 1208 2851 cu-
1292 2801 1454 2854 horn.
1492 2799 1592 2855 Gr.
1628 2802 1679 2868 §.
1709 2800 1795 2853 15.
1832 2820 1885 2872 Ρ.
1924 2801 2005 2853 17.
2029 2801 2107 2870 b).

117 2874 454 2939 ίυεουηίὶυθ»
539 2868 627 2936 25
671 2868 760 2920 29·
819 2886 969 2948 quisq
973 2885 1039 2919 ’κ’
1107 2888 1208 2937 ΡὈ
1361 2890 1655 2939 reddatur.
1709 2885 1842 2940 cod.
1863 2885 1984 2938 MS.
2007 2896 2061 2939 et
2091 2884 2216 2938 inde
2246 2884 2372 2939 edd.

120 2944 444 3009 qumque·
516 2937 591 2992 θ’·
637 2947 707 2990 0¹·
750 2947 864 2990 ¹¹⁰¹·
897 2938 963 2989 ad
994 2936 1127 2989 nm·
1162 2939 1209 3001 Ῑ
1294 2954 1543 3008 Betoald.
1563 2954 1734 3007 Rben.
1753 2954 1871 3007 Ald.
1884 2953 2027 3036 Lips.
2051 2953 2225 3025 prima
2246 2958 2373 3008 red·

118 3010 201 3062 80·
1295 3029 1524 3075 dantur.
1561 3023 1693 3076 Mox
1710 3024 1843 3077 vitio
1860 3025 2041 3092 agnito
2061 3041 2249 3075 omnes
2265 3022 2375 3075 edi-

2050 2731 2122 2796 cf.
2181 2732 2371 2786 Rams·
2475 2757 2476 2760 ¹

177 3071 424 3131 senatus
448 3078 726 3128 consulto.
796 3072 886 3127 Sc,
921 3081 984 3125 ut
1013 3077 1209 3125 eodem

111 3150 226 3199 loct
287 3147 352 3210 in
407 3154 745 3210 perpetuum
806 3145 1206 3204 contineretur.

111 3215 265 3269 Suet.
306 3212 459 3271 Oct.
485 3231 534 3265 c.
564 3213 652 3265 65.

182 3298 491 3352 nuntianti
529 3294 842 3347 centurioni
879 3306 981 3348 etc.
1056 3279 1209 3348 Suet.

113 3370 150 3423 Ι.
188 3370 233 3421 1.
307 3364 698 3418 Renuntianti
733 3365 954 3416 tribuno
980 3362 1227 3432 sactum,

112 3456 238 3491 esse
254 3476 270 3503 ‚
309 3438 462 3503 quod
489 3435 821 3499 imperasset
846 3444 953 3488 ete.

182 3519 497 3574 Sallustius
541 3518 782 3583 CrispuS.
865 3512 951 3569 ef.
982 3515 1108 3569 infr.
1156 3517 1208 3577 3,

113 3590 203 3643 30.
283 3589 477 3641 Senec.
513 3586 579 3638 de
625 3587 986 3648 cle1n.1,10.
1061 3585 1205 3639 Ptin.

115 3659 202 3722 34,
232 3659 287 3711 2.
362 3648 555 3708 Horat.
592 3653 705 3707 Od.
740 3655 790 3716 2,
817 3657 870 3708 2.
994 3675 999 3684 ·

183 3761 318 3795 reus
343 3742 696 3794 subderetur.
764 3739 974 3793 Eadem
1000 3719 1207 3794 locutio

113 3811 246 3866 infr.
287 3831 334 3863 o.
369 3808 458 3870 39.
604 3861 617 3870 .

184 3882 516 3945 periculosa
557 3875 706 3928 Bene
723 3895 953 3929 ιιιοιιιιει
955 3877 1204 3930 atWoli.

114 3949 186 4001 ad
219 3949 272 4000 h.
306 3949 339 4000 1.
388 3947 706 4013 periculosi)
739 3964 852 3997 esse
887 3946 1206 3999 ablativum.

112 4015 453 4070 Weikertus
502 4029 756 4066 rursum
775 4013 975 4066 tirones
1022 4014 1079 4065 iu
1126 4033 1205 4066 er·

108 4105 299 4137 rorem
357 4084 615 4143 abducit,
687 4091 744 4133 ut
798 4101 896 4163 pro
934 4082 1204 4135 adverbio

108 4154 363 4214 habeant.
437 4152 515 4206 cf.
551 4149 603 4213 3,
639 4145 724 4201 60.
770 4150 999 4202 libero..

181 4240 579 4291 conditionem·
654 4225 749 4285 Sic
817 4243 907 4286 ett.
941 4242 991 4285 et
1020 4253 1205 4287 recen-

111 4306 273 4360 tiores
317 4307 440 4378 edd.
491 4312 714 4377 p1aeter
760 4253 836 4355 lie
840 4300 1015 4363 kkeri,
1068 4279 1232 4373 quae·

1297 3091 1422 3144 dere
1445 3095 1737 3144 reddatur.
1784 3089 1892 3143 Pro
1914 3093 2233 3157 imperandi
2244 3089 2372 3143 Cre-

1294 3178 1450 3211 verus
1481 3161 1557 3223 (m
1575 3160 1790 3214 hbello
1829 3159 2009 3212 Probe
2026 3160 2177 3210 einer
2191 3176 2372 3218 neuen
2462 3185 2495 3198 ι-

1299 3229 1615 3281 Hebersetz.
1645 3232 1746 3284 des
1775 3228 1909 3280 Tac.
1964 3227 2173 3292 Lemgo
2195 3227 2373 3295 1824.)

1293 3296 1414 3352 vult
1463 3298 1923 3363 obtemperandi.
1992 3295 2197 3349 Habeat
2251 3296 2373 3350 sibi.

1294 3365 1363 3419 cf.
1384 3363 1794 3432 Seebodiibibl.
1820 3366 1943 3419 crit.
1983 3365 2134 3418 1827.
2174 3383 2257 3418 nr.
2284 3368 2371 3419 10.

1294 3453 1348 3503 Ρ.
1386 3434 1522 3486 1082
1551 3451 1671 3512 sqq.

1363 3516 1500 3570 CAP.
1530 3518 1582 3570 7.
1656 3517 1902 3570 Priorem
1928 3516 2082 3571 buius
2106 3537 2165 3572 ca
2210 3537 2371 3589 par·
2441 3502 2456 3515 ‘

1291 3598 1402 3641 tem
1426 3586 1672 3668 explicuit
1690 3585 1890 3656 Georg.
1910 3586 2142 3667 Philipp.
2204 3587 2368 3660 chup-

1292 3658 1413 3727 pius
1443 3656 1498 3707 in
1529 3671 1709 3725 progr.
1748 3654 2039 3708 Hanoviae.
2082 3656 2233 3710 1818.

1361 3741 1665 3791 inlustrior.
1748 3739 1841 3793 Sic
1888 3739 2012 3793 eod.
2061 3739 2185 3793 MS.
2244 3739 2369 3792 edd.

1293 3807 1543 3861 Beroald.
1599 3806 1773 3861 Rhen
1819 3823 1946 3879 sqq.
2020 3808 2196 3861 Etiam
2242 3808 2367 3861 cod.

1294 3877 1440 3929 Flor.
1479 3876 1556 3929 lit.
1573 3875 1827 3959 Langob.
1878 3877 2105 3958 scriptus
2144 3877 2370 3929 eandem

1291 3946 1613 4016 scripturam
1662 3948 1770 3998 suis
1804 3941 1938 3999 locis
1896 3946 2217 4066 ‘praetera
2290 3946 2365 4002 ef.

1290 4024 1405 4066 not.
1453 4014 1519 4065 ad
1562 4014 1669 4068 An.
1713 4018 1792 4079 11,
2035 4026 2367 4067 ecentnorum

1250 4082 1561 4134 .editorum
1634 4013 1891 4154 quidauln3
1924 4084 2164 4135 maluere
2235 4089 2369 4136 illu-
2473 4143 2476 4144 ⁷
2529 4085 2532 4092 ’

1287 4152 1479 4204 Strt'or.

1359 4227 1619 4304 vultuque
1659 4243 1977 4305 composita
2051 4200 2192 4291 Plin.
2242 4257 2365 4312 epp.
2423 4305 2430 4310 .

1252 4297 1460 4370 3,16.
1510 4312 1809 4376 composito
1846 4309 2002 4361 vultu
2028 4310 2267 4364 redibat.

1484 4467 1492 4497 i
1577 4500 1585 4507 A
