<?xml version="1.0" encoding="UTF-8"?>
<!DOCTYPE html PUBLIC "-//W3C//DTD XHTML 1.0 Transitional//EN"
    "http://www.w3.org/TR/xhtml1/DTD/xhtml1-transitional.dtd">
<html xmlns="http://www.w3.org/1999/xhtml" xml:lang="en" lang="en">
 <head>
  <title>
</title>
<meta http-equiv="Content-Type" content="text/html;charset=utf-8" />
  <meta name='ocr-system' content='tesseract 3.04.00' />
  <meta name='ocr-capabilities' content='ocr_page ocr_carea ocr_par ocr_line ocrx_word'/>
</head>
<body>
  <div class='ocr_page' id='page_1' title='image "./operavolume00waltgoog_0180.png"; bbox 0 0 2794 5085; ppageno 0'>
   <div class='ocr_carea' id='block_1_1' title="bbox 2162 234 2567 351">
    <p class='ocr_par' dir='ltr' id='par_1_1' title="bbox 2162 234 2567 351">
     <span class='ocr_line' id='line_1_1' title="bbox 2162 234 2567 351; baseline -0.002 0"><span class='ocrx_word' id='word_1_1' title='bbox 2162 234 2485 351; x_wconf 41' lang='lat'><strong>&amp;28:3³</strong></span> <span class='ocrx_word' id='word_1_2' title='bbox 2555 272 2567 283; x_wconf 76' lang='grc'><em>’</em></span> 
     </span>
    </p>
   </div>
   <div class='ocr_carea' id='block_1_2' title="bbox 212 238 2627 1932">
    <p class='ocr_par' dir='ltr' id='par_1_2' title="bbox 212 238 2566 1327">
     <span class='ocr_line' id='line_1_2' title="bbox 301 238 1907 357; baseline -0.002 -25"><span class='ocrx_word' id='word_1_3' title='bbox 301 260 489 357; x_wconf 64' lang='lat'>12⁰·</span> <span class='ocrx_word' id='word_1_4' title='bbox 998 238 1063 325; x_wconf 69' lang='grc'><strong>.“</strong></span> <span class='ocrx_word' id='word_1_5' title='bbox 1124 251 1741 347; x_wconf 73' lang='lat' dir='ltr'><strong>ANNALIUM</strong></span> <span class='ocrx_word' id='word_1_6' title='bbox 1787 256 1837 291; x_wconf 58' lang='lat'><strong>‘2</strong></span> <span class='ocrx_word' id='word_1_7' title='bbox 1903 286 1907 290; x_wconf 93' lang='lat'>-</span> 
     </span>
     <span class='ocr_line' id='line_1_3' title="bbox 300 402 2554 510; baseline 0.002 -27"><span class='ocrx_word' id='word_1_8' title='bbox 300 412 438 510; x_wconf 72' lang='lat' dir='ltr'><strong>que</strong></span> <span class='ocrx_word' id='word_1_9' title='bbox 492 408 797 484; x_wconf 82' lang='lat' dir='ltr'><strong>feminae</strong></span> <span class='ocrx_word' id='word_1_10' title='bbox 849 411 1150 503; x_wconf 81' lang='lat' dir='ltr'><strong>imperio</strong></span> <span class='ocrx_word' id='word_1_11' title='bbox 1166 464 1189 496; x_wconf 93' lang='lat'><strong>,</strong></span> <span class='ocrx_word' id='word_1_12' title='bbox 1263 412 1380 482; x_wconf 89' lang='lat' dir='ltr'><strong>cui</strong></span> <span class='ocrx_word' id='word_1_13' title='bbox 1424 414 1691 483; x_wconf 89' lang='lat' dir='ltr'><strong>nomen</strong></span> <span class='ocrx_word' id='word_1_14' title='bbox 1713 402 1986 500; x_wconf 78' lang='lat' dir='ltr'><strong>Erato,</strong></span> <span class='ocrx_word' id='word_1_15' title='bbox 2053 420 2308 510; x_wconf 58' lang='lat' dir='ltr'><strong>&#39;eaquet</strong></span> <span class='ocrx_word' id='word_1_16' title='bbox 2336 419 2554 495; x_wconf 69' lang='lat' dir='ltr'><strong>brevi.</strong></span> 
     </span>
     <span class='ocr_line' id='line_1_4' title="bbox 282 514 2566 611; baseline 0.002 -25"><span class='ocrx_word' id='word_1_17' title='bbox 282 518 508 611; x_wconf 15' lang='lat' dir='ltr'><strong>*pulsa</strong></span> <span class='ocrx_word' id='word_1_18' title='bbox 557 514 812 585; x_wconf 79' lang='lat' dir='ltr'>incerti</span> <span class='ocrx_word' id='word_1_19' title='bbox 870 514 1226 607; x_wconf 87' lang='lat' dir='ltr'><strong>solutique</strong></span> <span class='ocrx_word' id='word_1_20' title='bbox 1277 528 1346 584; x_wconf 90' lang='lat' dir='ltr'><strong>et</strong></span> <span class='ocrx_word' id='word_1_21' title='bbox 1391 515 1618 605; x_wconf 86' lang='lat' dir='ltr'><strong>magis</strong></span> <span class='ocrx_word' id='word_1_22' title='bbox 1657 515 1810 589; x_wconf 84' lang='lat' dir='ltr'><strong>sine</strong></span> <span class='ocrx_word' id='word_1_23' title='bbox 1848 515 2142 587; x_wconf 88' lang='lat' dir='ltr'><strong>domino</strong></span> <span class='ocrx_word' id='word_1_24' title='bbox 2196 543 2418 611; x_wconf 88' lang='lat' dir='ltr'><strong>quam</strong></span> <span class='ocrx_word' id='word_1_25' title='bbox 2464 516 2566 590; x_wconf 25' lang='lat' dir='ltr'><strong>in*</strong></span> 
     </span>
     <span class='ocr_line' id='line_1_5' title="bbox 299 614 2551 713; baseline 0.001 -24"><span class='ocrx_word' id='word_1_26' title='bbox 299 614 625 689; x_wconf 80' lang='lat' dir='ltr'><strong>libertate</strong></span> <span class='ocrx_word' id='word_1_27' title='bbox 653 618 1035 709; x_wconf 84' lang='lat' dir='ltr'><strong>profugum</strong></span> <span class='ocrx_word' id='word_1_28' title='bbox 1061 614 1446 685; x_wconf 85' lang='lat' dir='ltr'>Vononem</span> <span class='ocrx_word' id='word_1_29' title='bbox 1479 618 1558 686; x_wconf 95' lang='lat' dir='ltr'><strong>in</strong></span> <span class='ocrx_word' id='word_1_30' title='bbox 1585 619 2293 713; x_wconf 12' lang='lat' dir='ltr'><strong>regnumtaccipiunt.</strong></span> <span class='ocrx_word' id='word_1_31' title='bbox 2400 620 2551 692; x_wconf 84' lang='lat' dir='ltr'><strong>Sed</strong></span> 
     </span>
     <span class='ocr_line' id='line_1_6' title="bbox 212 714 2551 815; baseline 0 -23"><span class='ocrx_word' id='word_1_32' title='bbox 212 806 225 809; x_wconf 23' lang='grc' dir='ltr'>Ἰ</span> <span class='ocrx_word' id='word_1_33' title='bbox 301 721 433 792; x_wconf 90' lang='lat' dir='ltr'><strong>ubi</strong></span> <span class='ocrx_word' id='word_1_34' title='bbox 479 719 803 815; x_wconf 79' lang='lat' dir='ltr'><strong>minitari</strong></span> <span class='ocrx_word' id='word_1_35' title='bbox 844 714 1256 793; x_wconf 83' lang='lat' dir='ltr'><strong>Artabanus</strong></span> <span class='ocrx_word' id='word_1_36' title='bbox 1296 733 1364 788; x_wconf 91' lang='lat' dir='ltr'><strong>et</strong></span> <span class='ocrx_word' id='word_1_37' title='bbox 1399 743 1654 814; x_wconf 86' lang='lat' dir='ltr'><strong>parum</strong></span> <span class='ocrx_word' id='word_1_38' title='bbox 1691 720 1995 791; x_wconf 79' lang='lat' dir='ltr'>subsidii</span> <span class='ocrx_word' id='word_1_39' title='bbox 2023 721 2115 789; x_wconf 87' lang='lat' dir='ltr'><strong>-in</strong></span> <span class='ocrx_word' id='word_1_40' title='bbox 2153 718 2551 810; x_wconf 82' lang='lat' dir='ltr'><strong>Armeniis,</strong></span> 
     </span>
     <span class='ocr_line' id='line_1_7' title="bbox 303 821 2551 908; baseline 0.001 -15"><span class='ocrx_word' id='word_1_41' title='bbox 303 823 455 908; x_wconf 82' lang='lat' dir='ltr'><strong>vel,</strong></span> <span class='ocrx_word' id='word_1_42' title='bbox 505 823 567 890; x_wconf 94' lang='lat' dir='ltr'><strong>si</strong></span> <span class='ocrx_word' id='word_1_43' title='bbox 598 835 841 901; x_wconf 89' lang='lat' dir='ltr'><strong>nostra</strong></span> <span class='ocrx_word' id='word_1_44' title='bbox 875 821 953 889; x_wconf 88' lang='lat' dir='ltr'><strong>vi</strong></span> <span class='ocrx_word' id='word_1_45' title='bbox 986 822 1514 907; x_wconf 77' lang='lat' dir='ltr'><strong>defenderetur,</strong></span> <span class='ocrx_word' id='word_1_46' title='bbox 1566 821 1838 890; x_wconf 88' lang='lat' dir='ltr'><strong>bellum</strong></span> <span class='ocrx_word' id='word_1_47' title='bbox 1876 824 2214 899; x_wconf 86' lang='lat' dir='ltr'><strong>adversus</strong></span> <span class='ocrx_word' id='word_1_48' title='bbox 2238 821 2551 895; x_wconf 88' lang='lat' dir='ltr'><strong>Parthos</strong></span> 
     </span>
     <span class='ocr_line' id='line_1_8' title="bbox 303 921 2553 1016; baseline 0.001 -21"><span class='ocrx_word' id='word_1_49' title='bbox 303 926 731 995; x_wconf 84' lang='lat' dir='ltr'><strong>sumendum</strong></span> <span class='ocrx_word' id='word_1_50' title='bbox 777 936 954 991; x_wconf 75' lang='lat' dir='ltr'><strong>erat:</strong></span> <span class='ocrx_word' id='word_1_51' title='bbox 1004 936 1236 1007; x_wconf 85' lang='lat' dir='ltr'><strong>rector</strong></span> <span class='ocrx_word' id='word_1_52' title='bbox 1270 921 1522 1016; x_wconf 87' lang='lat' dir='ltr'><strong>Syriae</strong></span> <span class='ocrx_word' id='word_1_53' title='bbox 1562 921 1881 994; x_wconf 88' lang='lat' dir='ltr'><strong>Creticus</strong></span> <span class='ocrx_word' id='word_1_54' title='bbox 1911 924 2203 999; x_wconf 79' lang='lat' dir='ltr'><strong>Silanus</strong></span> <span class='ocrx_word' id='word_1_55' title='bbox 2239 927 2553 997; x_wconf 81' lang='lat' dir='ltr'><strong>excitum</strong></span> 
     </span>
     <span class='ocr_line' id='line_1_9' title="bbox 305 1024 2550 1117; baseline 0.003 -21"><span class='ocrx_word' id='word_1_56' title='bbox 305 1027 626 1097; x_wconf 89' lang='lat' dir='ltr'><strong>custodia</strong></span> <span class='ocrx_word' id='word_1_57' title='bbox 691 1024 1114 1113; x_wconf 84' lang='lat' dir='ltr'><strong>circumdat,</strong></span> <span class='ocrx_word' id='word_1_58' title='bbox 1192 1038 1525 1094; x_wconf 87' lang='lat' dir='ltr'><strong>manente</strong></span> <span class='ocrx_word' id='word_1_59' title='bbox 1593 1026 1768 1096; x_wconf 88' lang='lat' dir='ltr'><strong>luxu</strong></span> <span class='ocrx_word' id='word_1_60' title='bbox 1834 1040 1903 1096; x_wconf 88' lang='lat' dir='ltr'><strong>et</strong></span> <span class='ocrx_word' id='word_1_61' title='bbox 1964 1025 2160 1117; x_wconf 86' lang='lat' dir='ltr'><strong>&#39;regio</strong></span> <span class='ocrx_word' id='word_1_62' title='bbox 2227 1029 2550 1103; x_wconf 73' lang='lat' dir='ltr'><strong>nomine.</strong></span> 
     </span>
     <span class='ocr_line' id='line_1_10' title="bbox 305 1125 2549 1222; baseline 0.002 -24"><span class='ocrx_word' id='word_1_63' title='bbox 305 1130 499 1222; x_wconf 90' lang='lat' dir='ltr'><strong>quod</strong></span> <span class='ocrx_word' id='word_1_64' title='bbox 531 1128 931 1198; x_wconf 87' lang='lat' dir='ltr'><strong>ludibrium</strong></span> <span class='ocrx_word' id='word_1_65' title='bbox 965 1141 1050 1196; x_wconf 91' lang='lat' dir='ltr'><strong>ut</strong></span> <span class='ocrx_word' id='word_1_66' title='bbox 1092 1126 1399 1217; x_wconf 83' lang='lat' dir='ltr'><strong>effugere</strong></span> <span class='ocrx_word' id='word_1_67' title='bbox 1441 1127 1813 1218; x_wconf 75' lang='lat' dir='ltr'><strong>agitaverit</strong></span> <span class='ocrx_word' id='word_1_68' title='bbox 1837 1125 2212 1215; x_wconf 78' lang='lat' dir='ltr'><strong>Vonones,</strong></span> <span class='ocrx_word' id='word_1_69' title='bbox 2263 1130 2347 1200; x_wconf 91' lang='lat' dir='ltr'><strong>in</strong></span> <span class='ocrx_word' id='word_1_70' title='bbox 2388 1132 2549 1202; x_wconf 89' lang='lat' dir='ltr'><strong>loco</strong></span> 
     </span>
     <span class='ocr_line' id='line_1_11' title="bbox 265 1222 2320 1327; baseline 0 -24"><span class='ocrx_word' id='word_1_71' title='bbox 265 1292 272 1303; x_wconf 87' lang='lat'><strong>.</strong></span> <span class='ocrx_word' id='word_1_72' title='bbox 303 1222 707 1303; x_wconf 82' lang='lat' dir='ltr'><strong>reddemuS.</strong></span> <span class='ocrx_word' id='word_1_73' title='bbox 2153 1223 2175 1279; x_wconf 46' lang='lat'><em>7</em></span> <span class='ocrx_word' id='word_1_74' title='bbox 2315 1314 2320 1327; x_wconf 22' lang='lat' dir='ltr'>x</span> 
     </span>
    </p>

    <p class='ocr_par' dir='ltr' id='par_1_3' title="bbox 301 1324 2627 1932">
     <span class='ocr_line' id='line_1_12' title="bbox 332 1324 2556 1420; baseline 0 -18"><span class='ocrx_word' id='word_1_75' title='bbox 332 1354 336 1359; x_wconf 85' lang='grc'><em>·</em></span> <span class='ocrx_word' id='word_1_76' title='bbox 410 1375 417 1379; x_wconf 87' lang='lat'><em>-</em></span> <span class='ocrx_word' id='word_1_77' title='bbox 509 1331 602 1419; x_wconf 81' lang='lat' dir='ltr'><strong>V.</strong></span> <span class='ocrx_word' id='word_1_78' title='bbox 663 1328 998 1402; x_wconf 81' lang='lat' dir='ltr'><strong>Ceterum</strong></span> <span class='ocrx_word' id='word_1_79' title='bbox 1026 1324 1324 1400; x_wconf 85' lang='lat' dir='ltr'><strong>Tiberio</strong></span> <span class='ocrx_word' id='word_1_80' title='bbox 1349 1325 1547 1401; x_wconf 86' lang='lat' dir='ltr'><strong>haud</strong></span> <span class='ocrx_word' id='word_1_81' title='bbox 1577 1329 1938 1420; x_wconf 80' lang='lat' dir='ltr'><strong>ingratum</strong></span> <span class='ocrx_word' id='word_1_82' title='bbox 1974 1331 2230 1405; x_wconf 88' lang='lat' dir='ltr'><strong>accidit</strong></span> <span class='ocrx_word' id='word_1_83' title='bbox 2267 1333 2556 1405; x_wconf 86' lang='lat' dir='ltr'><strong>turbari</strong></span> 
     </span>
     <span class='ocr_line' id='line_1_13' title="bbox 303 1428 2556 1534; baseline 0 -29"><span class='ocrx_word' id='word_1_84' title='bbox 303 1457 416 1505; x_wconf 89' lang='lat' dir='ltr'><strong>res</strong></span> <span class='ocrx_word' id='word_1_85' title='bbox 447 1428 806 1519; x_wconf 79' lang='lat' dir='ltr'><strong>OrientiS‚</strong></span> <span class='ocrx_word' id='word_1_86' title='bbox 853 1446 936 1503; x_wconf 93' lang='lat' dir='ltr'><strong>ut</strong></span> <span class='ocrx_word' id='word_1_87' title='bbox 964 1456 1042 1501; x_wconf 89' lang='lat' dir='ltr'><strong>ea</strong></span> <span class='ocrx_word' id='word_1_88' title='bbox 1071 1433 1298 1525; x_wconf 90' lang='lat' dir='ltr'><strong>specie</strong></span> <span class='ocrx_word' id='word_1_89' title='bbox 1331 1429 1844 1519; x_wconf 87' lang='lat' dir='ltr'><strong>Germanicum</strong></span> <span class='ocrx_word' id='word_1_90' title='bbox 1885 1435 2103 1502; x_wconf 88' lang='lat' dir='ltr'><strong>suetis</strong></span> <span class='ocrx_word' id='word_1_91' title='bbox 2144 1433 2556 1534; x_wconf 81' lang='lat' dir='ltr'><strong>legionibus</strong></span> 
     </span>
     <span class='ocr_line' id='line_1_14' title="bbox 304 1532 2557 1627; baseline 0 -20"><span class='ocrx_word' id='word_1_92' title='bbox 304 1532 741 1607; x_wconf 84' lang='lat' dir='ltr'><strong>abstraheret</strong></span> <span class='ocrx_word' id='word_1_93' title='bbox 770 1534 1118 1626; x_wconf 88' lang='lat' dir='ltr'><strong>novisque</strong></span> <span class='ocrx_word' id='word_1_94' title='bbox 1147 1534 1984 1626; x_wconf 84' lang='lat' dir='ltr'><strong>provinciisimpositum</strong></span> <span class='ocrx_word' id='word_1_95' title='bbox 2021 1535 2194 1621; x_wconf 83' lang='lat' dir='ltr'><strong>dolo</strong></span> <span class='ocrx_word' id='word_1_96' title='bbox 2230 1536 2450 1627; x_wconf 83' lang='lat' dir='ltr'><strong>simul</strong></span> <span class='ocrx_word' id='word_1_97' title='bbox 2483 1550 2557 1608; x_wconf 87' lang='lat' dir='ltr'><strong>et</strong></span> 
     </span>
     <span class='ocr_line' id='line_1_15' title="bbox 306 1622 2556 1731; baseline -0 -22"><span class='ocrx_word' id='word_1_98' title='bbox 306 1639 584 1717; x_wconf 85' lang='lat' dir='ltr'><strong>casibus</strong></span> <span class='ocrx_word' id='word_1_99' title='bbox 627 1628 1027 1707; x_wconf 63' lang='lat' dir='ltr'><strong>obiectzfret.</strong></span> <span class='ocrx_word' id='word_1_100' title='bbox 1129 1630 1231 1705; x_wconf 91' lang='lat' dir='ltr'><strong>At</strong></span> <span class='ocrx_word' id='word_1_101' title='bbox 1263 1636 1385 1704; x_wconf 88' lang='lat' dir='ltr'><strong>ille</strong></span> <span class='ocrx_word' id='word_1_102' title='bbox 1401 1691 1426 1731; x_wconf 8' lang='grc' dir='ltr'><strong>,Ἴ</strong></span> <span class='ocrx_word' id='word_1_103' title='bbox 1476 1650 1744 1728; x_wconf 86' lang='lat' dir='ltr'><strong>quanto</strong></span> <span class='ocrx_word' id='word_1_104' title='bbox 1780 1622 2055 1706; x_wconf 78' lang='lat' dir='ltr'><strong>acrio‘ra</strong></span> <span class='ocrx_word' id='word_1_105' title='bbox 2088 1637 2167 1704; x_wconf 93' lang='lat' dir='ltr'><strong>in</strong></span> <span class='ocrx_word' id='word_1_106' title='bbox 2189 1661 2363 1707; x_wconf 82' lang='lat' dir='ltr'><strong>eum</strong></span> <span class='ocrx_word' id='word_1_107' title='bbox 2401 1653 2556 1708; x_wconf 89' lang='lat' dir='ltr'><strong>stu-</strong></span> 
     </span>
     <span class='ocr_line' id='line_1_16' title="bbox 303 1737 2555 1829; baseline 0 -20"><span class='ocrx_word' id='word_1_108' title='bbox 303 1741 421 1810; x_wconf 88' lang='lat' dir='ltr'><strong>dia</strong></span> <span class='ocrx_word' id='word_1_109' title='bbox 450 1739 761 1809; x_wconf 89' lang='lat' dir='ltr'><strong>militum</strong></span> <span class='ocrx_word' id='word_1_110' title='bbox 797 1752 1137 1807; x_wconf 84' lang='lat' dir='ltr'><strong>et-aversa</strong></span> <span class='ocrx_word' id='word_1_111' title='bbox 1173 1737 1415 1829; x_wconf 88' lang='lat' dir='ltr'><strong>patrui</strong></span> <span class='ocrx_word' id='word_1_112' title='bbox 1453 1738 1819 1823; x_wconf 79' lang='lat' dir='ltr'><strong>voluntaS‚</strong></span> <span class='ocrx_word' id='word_1_113' title='bbox 1872 1739 2281 1808; x_wconf 86' lang='lat' dir='ltr'><strong>celerandae</strong></span> <span class='ocrx_word' id='word_1_114' title='bbox 2322 1740 2555 1811; x_wconf 88' lang='lat' dir='ltr'><strong>victo-</strong></span> 
     </span>
     <span class='ocr_line' id='line_1_17' title="bbox 301 1839 2627 1932; baseline 0 -22"><span class='ocrx_word' id='word_1_115' title='bbox 301 1842 451 1911; x_wconf 88' lang='lat' dir='ltr'><strong>riae</strong></span> <span class='ocrx_word' id='word_1_116' title='bbox 489 1840 831 1910; x_wconf 87' lang='lat' dir='ltr'><strong>intentior</strong></span> <span class='ocrx_word' id='word_1_117' title='bbox 877 1851 1173 1932; x_wconf 73' lang='lat' dir='ltr'><strong>tractare</strong></span> <span class='ocrx_word' id='word_1_118' title='bbox 1211 1839 1656 1929; x_wconf 88' lang='lat' dir='ltr'><strong>proeliorum</strong></span> <span class='ocrx_word' id='word_1_119' title='bbox 1697 1841 1851 1909; x_wconf 85' lang='lat' dir='ltr'><strong>vias</strong></span> <span class='ocrx_word' id='word_1_120' title='bbox 1893 1854 1965 1909; x_wconf 90' lang='lat' dir='ltr'><strong>et</strong></span> <span class='ocrx_word' id='word_1_121' title='bbox 2004 1864 2186 1932; x_wconf 90' lang='lat' dir='ltr'><strong>quae</strong></span> <span class='ocrx_word' id='word_1_122' title='bbox 2226 1841 2369 1919; x_wconf 86' lang='lat' dir='ltr'><strong>sibi</strong></span> <span class='ocrx_word' id='word_1_123' title='bbox 2408 1854 2554 1910; x_wconf 89' lang='lat' dir='ltr'><strong>ter-</strong></span> <span class='ocrx_word' id='word_1_124' title='bbox 2621 1868 2627 1875; x_wconf 89' lang='lat'><strong>·</strong></span> 
     </span>
    </p>
   </div>
   <div class='ocr_carea' id='block_1_3' title="bbox 302 1939 2555 2037">
    <p class='ocr_par' dir='ltr' id='par_1_4' title="bbox 302 1939 2555 2037">
     <span class='ocr_line' id='line_1_18' title="bbox 302 1939 2555 2037; baseline -0.002 -21"><span class='ocrx_word' id='word_1_125' title='bbox 302 1944 487 2023; x_wconf 82' lang='lat' dir='ltr'><strong>tium</strong></span> <span class='ocrx_word' id='word_1_126' title='bbox 514 1943 658 2012; x_wconf 92' lang='lat' dir='ltr'><strong>iam</strong></span> <span class='ocrx_word' id='word_1_127' title='bbox 689 1956 964 2037; x_wconf 82' lang='lat' dir='ltr'><strong>annum</strong></span> <span class='ocrx_word' id='word_1_128' title='bbox 993 1939 1445 2032; x_wconf 85' lang='lat' dir='ltr'><strong>belligeranti</strong></span> <span class='ocrx_word' id='word_1_129' title='bbox 1483 1964 1690 2010; x_wconf 84' lang='lat' dir='ltr'><strong>saeva</strong></span> <span class='ocrx_word' id='word_1_130' title='bbox 1730 1941 1847 2010; x_wconf 86' lang='lat' dir='ltr'><strong>vel</strong></span> <span class='ocrx_word' id='word_1_131' title='bbox 1889 1965 2230 2034; x_wconf 88' lang='lat' dir='ltr'><strong>prospera</strong></span> <span class='ocrx_word' id='word_1_132' title='bbox 2274 1944 2555 2012; x_wconf 68' lang='lat' dir='ltr'><strong>evenis-⁵</strong></span> 
     </span>
    </p>
   </div>
   <div class='ocr_carea' id='block_1_4' title="bbox 298 2118 1382 2176">
    <p class='ocr_par' dir='ltr' id='par_1_5' title="bbox 298 2118 1382 2176">
     <span class='ocr_line' id='line_1_19' title="bbox 298 2118 1382 2176; baseline -0.001 0"><span class='ocrx_word' id='word_1_133' title='bbox 298 2128 305 2135; x_wconf 78' lang='lat'><em>‘</em></span> <span class='ocrx_word' id='word_1_134' title='bbox 364 2118 688 2176; x_wconf 60' lang='lat' dir='ltr'><strong>Vononem.</strong></span> <span class='ocrx_word' id='word_1_135' title='bbox 781 2120 920 2176; x_wconf 69' lang='lat' dir='ltr'><strong>cod.</strong></span> <span class='ocrx_word' id='word_1_136' title='bbox 958 2118 1085 2174; x_wconf 88' lang='lat' dir='ltr'><strong>MS.</strong></span> <span class='ocrx_word' id='word_1_137' title='bbox 1135 2118 1221 2175; x_wconf 89' lang='lat' dir='ltr'><strong>ed.</strong></span> <span class='ocrx_word' id='word_1_138' title='bbox 1269 2118 1382 2175; x_wconf 75' lang='lat' dir='ltr'><strong>Iac.</strong></span> 
     </span>
    </p>
   </div>
   <div class='ocr_carea' id='block_1_5' title="bbox 1465 2116 2550 2192">
    <p class='ocr_par' dir='ltr' id='par_1_6' title="bbox 1465 2116 2550 2192">
     <span class='ocr_line' id='line_1_20' title="bbox 1465 2116 2550 2192; baseline 0.004 -18"><span class='ocrx_word' id='word_1_139' title='bbox 1465 2139 1582 2174; x_wconf 87' lang='lat' dir='ltr'><strong>non</strong></span> <span class='ocrx_word' id='word_1_140' title='bbox 1609 2128 1787 2192; x_wconf 82' lang='lat' dir='ltr'><strong>potest</strong></span> <span class='ocrx_word' id='word_1_141' title='bbox 1821 2118 2136 2192; x_wconf 80' lang='lat' dir='ltr'><strong>significare</strong></span> <span class='ocrx_word' id='word_1_142' title='bbox 2152 2121 2290 2177; x_wconf 69' lang='lat' dir='ltr'><strong>nisit</strong></span> <span class='ocrx_word' id='word_1_143' title='bbox 2333 2123 2393 2178; x_wconf 87' lang='lat' dir='ltr'><strong>in</strong></span> <span class='ocrx_word' id='word_1_144' title='bbox 2430 2116 2550 2178; x_wconf 77' lang='lat' dir='ltr'><strong>arii-</strong></span> 
     </span>
    </p>
   </div>
   <div class='ocr_carea' id='block_1_6' title="bbox 305 2189 906 2247">
    <p class='ocr_par' dir='ltr' id='par_1_7' title="bbox 305 2189 906 2247">
     <span class='ocr_line' id='line_1_21' title="bbox 305 2189 906 2247; baseline -0.01 1"><span class='ocrx_word' id='word_1_145' title='bbox 305 2189 574 2247; x_wconf 80' lang='lat' dir='ltr'><strong>Gronovii</strong></span> <span class='ocrx_word' id='word_1_146' title='bbox 604 2191 906 2247; x_wconf 74' lang='lat' dir='ltr'><strong>Vononen.</strong></span> 
     </span>
    </p>
   </div>
   <div class='ocr_carea' id='block_1_7' title="bbox 302 2272 1387 2454">
    <p class='ocr_par' dir='ltr' id='par_1_8' title="bbox 302 2272 1387 2454">
     <span class='ocr_line' id='line_1_22' title="bbox 371 2272 1387 2379; baseline -0.007 -12"><span class='ocrx_word' id='word_1_147' title='bbox 371 2316 477 2367; x_wconf 80' lang='lat' dir='ltr'><strong>sed</strong></span> <span class='ocrx_word' id='word_1_148' title='bbox 499 2313 595 2365; x_wconf 77' lang='lat' dir='ltr'><strong>ubi</strong></span> <span class='ocrx_word' id='word_1_149' title='bbox 612 2310 869 2364; x_wconf 78' lang='lat' dir='ltr'><strong>minitari</strong></span> <span class='ocrx_word' id='word_1_150' title='bbox 887 2272 1235 2379; x_wconf 41' lang='lat' dir='ltr'><strong>Arusianus.</strong></span> <span class='ocrx_word' id='word_1_151' title='bbox 1306 2296 1387 2360; x_wconf 80' lang='lat' dir='ltr'><strong>cf.</strong></span> 
     </span>
     <span class='ocr_line' id='line_1_23' title="bbox 302 2380 699 2454; baseline -0.01 -18"><span class='ocrx_word' id='word_1_152' title='bbox 302 2381 512 2454; x_wconf 76' lang='lat' dir='ltr'><strong>Ioseph.</strong></span> <span class='ocrx_word' id='word_1_153' title='bbox 542 2380 623 2444; x_wconf 87' lang='lat'><strong>18,</strong></span> <span class='ocrx_word' id='word_1_154' title='bbox 646 2381 699 2433; x_wconf 88' lang='lat'><strong>4.</strong></span> 
     </span>
    </p>
   </div>
   <div class='ocr_carea' id='block_1_8' title="bbox 264 2493 1383 2847">
    <p class='ocr_par' dir='ltr' id='par_1_9' title="bbox 264 2493 1383 2847">
     <span class='ocr_line' id='line_1_24' title="bbox 373 2493 1380 2555; baseline -0.008 -1"><span class='ocrx_word' id='word_1_155' title='bbox 373 2503 433 2555; x_wconf 86' lang='lat' dir='ltr'><strong>in</strong></span> <span class='ocrx_word' id='word_1_156' title='bbox 458 2504 580 2554; x_wconf 81' lang='lat' dir='ltr'><strong>loco</strong></span> <span class='ocrx_word' id='word_1_157' title='bbox 602 2501 920 2553; x_wconf 78' lang='lat' dir='ltr'><strong>reddemus.</strong></span> <span class='ocrx_word' id='word_1_158' title='bbox 960 2493 1032 2549; x_wconf 82' lang='lat' dir='ltr'><strong>cf.</strong></span> <span class='ocrx_word' id='word_1_159' title='bbox 1060 2514 1106 2549; x_wconf 91' lang='lat' dir='ltr'><strong>c.</strong></span> <span class='ocrx_word' id='word_1_160' title='bbox 1121 2495 1208 2549; x_wconf 88' lang='lat'><strong>68.</strong></span> <span class='ocrx_word' id='word_1_161' title='bbox 1256 2493 1380 2547; x_wconf 87' lang='lat' dir='ltr'><strong>An-</strong></span> 
     </span>
     <span class='ocr_line' id='line_1_25' title="bbox 304 2563 1382 2625; baseline -0.008 -1"><span class='ocrx_word' id='word_1_162' title='bbox 304 2582 358 2625; x_wconf 85' lang='lat' dir='ltr'><strong>te</strong></span> <span class='ocrx_word' id='word_1_163' title='bbox 382 2570 636 2624; x_wconf 76' lang='lat' dir='ltr'><strong>sillanus</strong></span> <span class='ocrx_word' id='word_1_164' title='bbox 668 2568 792 2620; x_wconf 88' lang='lat' dir='ltr'><strong>edd.</strong></span> <span class='ocrx_word' id='word_1_165' title='bbox 821 2575 948 2617; x_wconf 75' lang='lat' dir='ltr'><strong>vett.</strong></span> <span class='ocrx_word' id='word_1_166' title='bbox 966 2563 1156 2617; x_wconf 89' lang='lat' dir='ltr'><strong>c.Ald.</strong></span> <span class='ocrx_word' id='word_1_167' title='bbox 1227 2564 1382 2615; x_wconf 81' lang='lat' dir='ltr'><em>Sila-</em></span> 
     </span>
     <span class='ocr_line' id='line_1_26' title="bbox 264 2631 1383 2703; baseline -0.007 -12"><span class='ocrx_word' id='word_1_168' title='bbox 264 2679 269 2690; x_wconf 86' lang='grc'><em>,</em></span> <span class='ocrx_word' id='word_1_169' title='bbox 304 2657 416 2691; x_wconf 80' lang='lat' dir='ltr'><strong>nus</strong></span> <span class='ocrx_word' id='word_1_170' title='bbox 454 2638 577 2691; x_wconf 86' lang='lat' dir='ltr'><strong>edd.</strong></span> <span class='ocrx_word' id='word_1_171' title='bbox 617 2645 844 2689; x_wconf 73' lang='lat' dir='ltr'><strong>recentt.</strong></span> <span class='ocrx_word' id='word_1_172' title='bbox 878 2633 1005 2685; x_wconf 89' lang='lat' dir='ltr'><strong>inde</strong></span> <span class='ocrx_word' id='word_1_173' title='bbox 1043 2652 1072 2685; x_wconf 85' lang='lat' dir='ltr'><strong>a</strong></span> <span class='ocrx_word' id='word_1_174' title='bbox 1107 2631 1301 2703; x_wconf 53' lang='lat' dir='ltr'><strong>Lipsiox</strong></span> <span class='ocrx_word' id='word_1_175' title='bbox 1331 2640 1383 2685; x_wconf 86' lang='lat' dir='ltr'><strong>et</strong></span> 
     </span>
     <span class='ocr_line' id='line_1_27' title="bbox 303 2700 1380 2761; baseline -0.008 -1"><span class='ocrx_word' id='word_1_176' title='bbox 303 2706 543 2761; x_wconf 85' lang='lat' dir='ltr'><strong>Pichena</strong></span> <span class='ocrx_word' id='word_1_177' title='bbox 579 2715 631 2759; x_wconf 88' lang='lat' dir='ltr'><strong>et</strong></span> <span class='ocrx_word' id='word_1_178' title='bbox 665 2706 745 2758; x_wconf 85' lang='lat' dir='ltr'><strong>sic</strong></span> <span class='ocrx_word' id='word_1_179' title='bbox 766 2702 894 2756; x_wconf 89' lang='lat' dir='ltr'><strong>MS.</strong></span> <span class='ocrx_word' id='word_1_180' title='bbox 921 2701 1075 2755; x_wconf 79' lang='lat' dir='ltr'><strong>Flor.</strong></span> <span class='ocrx_word' id='word_1_181' title='bbox 1107 2700 1206 2754; x_wconf 87' lang='lat' dir='ltr'><strong>litt.</strong></span> <span class='ocrx_word' id='word_1_182' title='bbox 1235 2700 1380 2753; x_wconf 82' lang='lat' dir='ltr'><strong>Lan-</strong></span> 
     </span>
     <span class='ocr_line' id='line_1_28' title="bbox 307 2767 1383 2847; baseline -0.007 -18"><span class='ocrx_word' id='word_1_183' title='bbox 307 2777 430 2847; x_wconf 86' lang='lat' dir='ltr'><strong>gob.</strong></span> <span class='ocrx_word' id='word_1_184' title='bbox 455 2795 562 2829; x_wconf 86' lang='lat' dir='ltr'><strong>scr.</strong></span> <span class='ocrx_word' id='word_1_185' title='bbox 594 2774 675 2834; x_wconf 82' lang='lat'><strong>13,</strong></span> <span class='ocrx_word' id='word_1_186' title='bbox 704 2778 751 2828; x_wconf 89' lang='lat'><strong>1.</strong></span> <span class='ocrx_word' id='word_1_187' title='bbox 823 2769 965 2822; x_wconf 87' lang='lat' dir='ltr'><strong>Vide</strong></span> <span class='ocrx_word' id='word_1_188' title='bbox 999 2767 1073 2822; x_wconf 88' lang='lat' dir='ltr'><strong>ibi</strong></span> <span class='ocrx_word' id='word_1_189' title='bbox 1097 2778 1217 2823; x_wconf 84' lang='lat' dir='ltr'><strong>not.</strong></span> <span class='ocrx_word' id='word_1_190' title='bbox 1245 2769 1383 2830; x_wconf 56' lang='lat' dir='ltr'><strong>Sul-2</strong></span> 
     </span>
    </p>
   </div>
   <div class='ocr_carea' id='block_1_9' title="bbox 305 2839 1324 2914">
    <p class='ocr_par' dir='ltr' id='par_1_10' title="bbox 305 2839 1324 2914">
     <span class='ocr_line' id='line_1_29' title="bbox 305 2839 1324 2914; baseline -0.008 -16"><span class='ocrx_word' id='word_1_191' title='bbox 305 2848 477 2898; x_wconf 73' lang='lat' dir='ltr'><strong>Ianus</strong></span> <span class='ocrx_word' id='word_1_192' title='bbox 498 2844 584 2897; x_wconf 87' lang='lat' dir='ltr'><strong>ed.</strong></span> <span class='ocrx_word' id='word_1_193' title='bbox 607 2843 751 2914; x_wconf 62' lang='grc' dir='ltr'><strong>[ἀρε.</strong></span> <span class='ocrx_word' id='word_1_194' title='bbox 782 2839 935 2896; x_wconf 83' lang='grc'><strong>1574.</strong></span> <span class='ocrx_word' id='word_1_195' title='bbox 1282 2892 1287 2898; x_wconf 72' lang='grc'>,</span> <span class='ocrx_word' id='word_1_196' title='bbox 1320 2865 1324 2869; x_wconf 41' lang='lat' dir='ltr'>v</span> 
     </span>
    </p>
   </div>
   <div class='ocr_carea' id='block_1_10' title="bbox 305 2943 1383 3117">
    <p class='ocr_par' dir='ltr' id='par_1_11' title="bbox 305 2943 1383 3117">
     <span class='ocr_line' id='line_1_30' title="bbox 377 2943 1383 3046; baseline -0.005 -12"><span class='ocrx_word' id='word_1_197' title='bbox 377 2978 517 3040; x_wconf 69' lang='grc' dir='ltr'><strong>ΕΑΒ.</strong></span> <span class='ocrx_word' id='word_1_198' title='bbox 543 2980 593 3033; x_wconf 86' lang='grc'><strong>5.</strong></span> <span class='ocrx_word' id='word_1_199' title='bbox 644 2943 993 3032; x_wconf 28' lang='lat' dir='ltr'><strong>&#39;obiectarem</strong></span> <span class='ocrx_word' id='word_1_200' title='bbox 1058 2973 1213 3046; x_wconf 81' lang='lat' dir='ltr'><strong>Virg.</strong></span> <span class='ocrx_word' id='word_1_201' title='bbox 1239 2947 1383 3029; x_wconf 44' lang='lat' dir='ltr'><strong>Aen.</strong></span> 
     </span>
     <span class='ocr_line' id='line_1_31' title="bbox 305 3042 1280 3117; baseline -0.006 -13"><span class='ocrx_word' id='word_1_202' title='bbox 305 3050 358 3116; x_wconf 81' lang='grc'><strong>2,</strong></span> <span class='ocrx_word' id='word_1_203' title='bbox 384 3051 507 3104; x_wconf 87' lang='lat'><strong>751.</strong></span> <span class='ocrx_word' id='word_1_204' title='bbox 535 3044 702 3117; x_wconf 74' lang='lat' dir='ltr'><strong>cap‘ut</strong></span> <span class='ocrx_word' id='word_1_205' title='bbox 726 3042 1007 3106; x_wconf 63' lang='lat' dir='ltr'><strong>obiectare</strong></span> <span class='ocrx_word' id='word_1_206' title='bbox 1024 3046 1280 3113; x_wconf 72' lang='lat' dir='ltr'><strong>periclis.</strong></span> 
     </span>
    </p>
   </div>
   <div class='ocr_carea' id='block_1_11' title="bbox 350 3149 1383 3240">
    <p class='ocr_par' dir='ltr' id='par_1_12' title="bbox 350 3149 1383 3240">
     <span class='ocr_line' id='line_1_32' title="bbox 350 3149 1383 3240; baseline -0.005 -15"><span class='ocrx_word' id='word_1_207' title='bbox 350 3149 591 3240; x_wconf 66' lang='lat' dir='ltr'><strong>,quanio</strong></span> <span class='ocrx_word' id='word_1_208' title='bbox 626 3179 731 3223; x_wconf 88' lang='lat' dir='ltr'><strong>etc.</strong></span> <span class='ocrx_word' id='word_1_209' title='bbox 823 3166 912 3222; x_wconf 85' lang='lat' dir='ltr'><strong>De</strong></span> <span class='ocrx_word' id='word_1_210' title='bbox 971 3175 1250 3222; x_wconf 80' lang='lat' dir='ltr'><strong>structura</strong></span> <span class='ocrx_word' id='word_1_211' title='bbox 1307 3164 1383 3224; x_wconf 83' lang='lat' dir='ltr'><strong>cf.</strong></span> 
     </span>
    </p>
   </div>
   <div class='ocr_carea' id='block_1_12' title="bbox 307 3238 789 3307">
    <p class='ocr_par' dir='ltr' id='par_1_13' title="bbox 307 3238 789 3307">
     <span class='ocr_line' id='line_1_33' title="bbox 307 3238 789 3307; baseline -0.01 -11"><span class='ocrx_word' id='word_1_212' title='bbox 307 3251 427 3307; x_wconf 77' lang='lat' dir='ltr'><strong>not.</strong></span> <span class='ocrx_word' id='word_1_213' title='bbox 465 3239 536 3292; x_wconf 85' lang='lat' dir='ltr'><strong>ad</strong></span> <span class='ocrx_word' id='word_1_214' title='bbox 575 3240 624 3300; x_wconf 87' lang='grc'><strong>1,-</strong></span> <span class='ocrx_word' id='word_1_215' title='bbox 648 3238 732 3292; x_wconf 87' lang='grc'><strong>57.</strong></span> <span class='ocrx_word' id='word_1_216' title='bbox 786 3295 789 3296; x_wconf 14' lang='lat'><em>⁷</em></span> 
     </span>
    </p>
   </div>
   <div class='ocr_carea' id='block_1_13' title="bbox 246 3354 1392 4319">
    <p class='ocr_par' dir='ltr' id='par_1_14' title="bbox 306 3354 1388 3770">
     <span class='ocr_line' id='line_1_34' title="bbox 377 3354 1386 3422; baseline -0.007 -9"><span class='ocrx_word' id='word_1_217' title='bbox 377 3365 625 3413; x_wconf 69' lang='lat' dir='ltr'><strong>tractare</strong></span> <span class='ocrx_word' id='word_1_218' title='bbox 656 3357 1008 3422; x_wconf 78' lang='lat' dir='ltr'><strong>proeliorum</strong></span> <span class='ocrx_word' id='word_1_219' title='bbox 1044 3356 1196 3409; x_wconf 78' lang='lat' dir='ltr'><strong>viaS.</strong></span> <span class='ocrx_word' id='word_1_220' title='bbox 1279 3354 1386 3407; x_wconf 84' lang='lat' dir='ltr'><strong>Er-</strong></span> 
     </span>
     <span class='ocr_line' id='line_1_35' title="bbox 306 3425 1385 3494; baseline -0.008 -10"><span class='ocrx_word' id='word_1_221' title='bbox 306 3429 510 3484; x_wconf 86' lang='lat' dir='ltr'><strong>nestius</strong></span> <span class='ocrx_word' id='word_1_222' title='bbox 555 3425 939 3494; x_wconf 79' lang='lat' dir='ltr'><strong>interpretatur</strong></span> <span class='ocrx_word' id='word_1_223' title='bbox 973 3429 1235 3484; x_wconf 82' lang='lat' dir='ltr'><strong>modum,</strong></span> <span class='ocrx_word' id='word_1_224' title='bbox 1281 3443 1385 3476; x_wconf 82' lang='lat' dir='ltr'><strong>ra-</strong></span> 
     </span>
     <span class='ocr_line' id='line_1_36' title="bbox 311 3490 1386 3561; baseline -0.007 -10"><span class='ocrx_word' id='word_1_225' title='bbox 311 3500 528 3551; x_wconf 84' lang='lat' dir='ltr'><strong>tionem</strong></span> <span class='ocrx_word' id='word_1_226' title='bbox 565 3495 698 3546; x_wconf 78' lang='lat' dir='ltr'><strong>belli</strong></span> <span class='ocrx_word' id='word_1_227' title='bbox 726 3493 993 3561; x_wconf 47' lang='lat' dir='ltr'><strong>gerendis</strong></span> <span class='ocrx_word' id='word_1_228' title='bbox 1050 3492 1146 3546; x_wconf 89' lang='lat' dir='ltr'><strong>Sic</strong></span> <span class='ocrx_word' id='word_1_229' title='bbox 1169 3491 1285 3545; x_wconf 84' lang='lat' dir='ltr'><strong>Cic.</strong></span> <span class='ocrx_word' id='word_1_230' title='bbox 1319 3490 1386 3544; x_wconf 85' lang='lat' dir='ltr'><strong>ad</strong></span> 
     </span>
     <span class='ocr_line' id='line_1_37' title="bbox 312 3560 1388 3638; baseline -0.007 -19"><span class='ocrx_word' id='word_1_231' title='bbox 312 3566 510 3638; x_wconf 84' lang='lat' dir='ltr'><strong>Quint.</strong></span> <span class='ocrx_word' id='word_1_232' title='bbox 548 3562 639 3614; x_wconf 87' lang='lat' dir='ltr'><strong>Fr.</strong></span> <span class='ocrx_word' id='word_1_233' title='bbox 679 3563 725 3625; x_wconf 90' lang='lat'><strong>1,</strong></span> <span class='ocrx_word' id='word_1_234' title='bbox 757 3566 802 3624; x_wconf 90' lang='lat'><strong>1,</strong></span> <span class='ocrx_word' id='word_1_235' title='bbox 826 3560 876 3614; x_wconf 86' lang='lat'><strong>5.</strong></span> <span class='ocrx_word' id='word_1_236' title='bbox 918 3562 1152 3629; x_wconf 84' lang='lat' dir='ltr'><strong>quidam</strong></span> <span class='ocrx_word' id='word_1_237' title='bbox 1190 3577 1388 3612; x_wconf 81' lang='lat' dir='ltr'><strong>omnes</strong></span> 
     </span>
     <span class='ocr_line' id='line_1_38' title="bbox 307 3629 1387 3698; baseline -0.006 -10"><span class='ocrx_word' id='word_1_238' title='bbox 307 3638 434 3688; x_wconf 80' lang='lat' dir='ltr'><strong>vias</strong></span> <span class='ocrx_word' id='word_1_239' title='bbox 453 3631 722 3698; x_wconf 78' lang='lat' dir='ltr'><strong>pecuniae</strong></span> <span class='ocrx_word' id='word_1_240' title='bbox 743 3640 976 3682; x_wconf 81' lang='lat' dir='ltr'><strong>norunt.</strong></span> <span class='ocrx_word' id='word_1_241' title='bbox 1011 3629 1387 3683; x_wconf 79' lang='lat' dir='ltr'><strong>Laltemandus</strong></span> 
     </span>
     <span class='ocr_line' id='line_1_39' title="bbox 311 3696 1387 3770; baseline -0.008 -13"><span class='ocrx_word' id='word_1_242' title='bbox 311 3716 367 3757; x_wconf 89' lang='lat' dir='ltr'><strong>et</strong></span> <span class='ocrx_word' id='word_1_243' title='bbox 407 3698 668 3755; x_wconf 84' lang='lat' dir='ltr'><strong>Wolfius</strong></span> <span class='ocrx_word' id='word_1_244' title='bbox 725 3701 856 3751; x_wconf 82' lang='lat' dir='ltr'><strong>vic&#39;zs</strong></span> <span class='ocrx_word' id='word_1_245' title='bbox 911 3697 1134 3770; x_wconf 85' lang='lat' dir='ltr'><strong>proprie</strong></span> <span class='ocrx_word' id='word_1_246' title='bbox 1180 3696 1387 3749; x_wconf 89' lang='lat' dir='ltr'><strong>intelli-</strong></span> 
     </span>
    </p>

    <p class='ocr_par' dir='ltr' id='par_1_15' title="bbox 246 3766 1392 4319">
     <span class='ocr_line' id='line_1_40' title="bbox 351 3766 1389 3836; baseline -0.008 -12"><span class='ocrx_word' id='word_1_247' title='bbox 351 3780 474 3833; x_wconf 88' lang='lat' dir='ltr'><strong>unt,</strong></span> <span class='ocrx_word' id='word_1_248' title='bbox 526 3777 587 3821; x_wconf 88' lang='lat' dir='ltr'><strong>ut</strong></span> <span class='ocrx_word' id='word_1_249' title='bbox 621 3767 692 3821; x_wconf 87' lang='lat' dir='ltr'><strong>ita</strong></span> <span class='ocrx_word' id='word_1_250' title='bbox 731 3766 1091 3820; x_wconf 81' lang='lat' dir='ltr'><strong>Germanicus</strong></span> <span class='ocrx_word' id='word_1_251' title='bbox 1128 3766 1389 3836; x_wconf 82' lang='lat' dir='ltr'><strong>cogitasse</strong></span> 
     </span>
     <span class='ocr_line' id='line_1_41' title="bbox 312 3792 1390 3907; baseline -0.01 -12"><span class='ocrx_word' id='word_1_252' title='bbox 312 3792 581 3897; x_wconf 50' lang='lat' dir='ltr'><strong>{icaturf</strong></span> <span class='ocrx_word' id='word_1_253' title='bbox 633 3836 828 3907; x_wconf 86' lang='lat' dir='ltr'><strong>quibus</strong></span> <span class='ocrx_word' id='word_1_254' title='bbox 887 3836 985 3888; x_wconf 79' lang='lat' dir='ltr'><strong>viis</strong></span> <span class='ocrx_word' id='word_1_255' title='bbox 1044 3834 1256 3888; x_wconf 85' lang='lat' dir='ltr'><strong>hostem</strong></span> <span class='ocrx_word' id='word_1_256' title='bbox 1318 3834 1390 3885; x_wconf 83' lang='lat' dir='ltr'><strong>ad</strong></span> 
     </span>
     <span class='ocr_line' id='line_1_42' title="bbox 311 3903 1390 3981; baseline -0.008 -20"><span class='ocrx_word' id='word_1_257' title='bbox 311 3905 551 3981; x_wconf 77' lang='lat' dir='ltr'><strong>pugnam</strong></span> <span class='ocrx_word' id='word_1_258' title='bbox 592 3904 830 3959; x_wconf 80' lang='lat' dir='ltr'><strong>eliceret.</strong></span> <span class='ocrx_word' id='word_1_259' title='bbox 922 3906 995 3956; x_wconf 81' lang='lat' dir='ltr'><strong>At</strong></span> <span class='ocrx_word' id='word_1_260' title='bbox 1022 3903 1251 3972; x_wconf 31' lang='lat' dir='ltr'><strong>lutrique</strong></span> <span class='ocrx_word' id='word_1_261' title='bbox 1296 3921 1390 3954; x_wconf 87' lang='lat' dir='ltr'><strong>ex-</strong></span> 
     </span>
     <span class='ocr_line' id='line_1_43' title="bbox 309 3971 1388 4051; baseline -0.006 -22"><span class='ocrx_word' id='word_1_262' title='bbox 309 3974 601 4051; x_wconf 82' lang='lat' dir='ltr'><strong>plicationi.</strong></span> <span class='ocrx_word' id='word_1_263' title='bbox 633 3975 848 4027; x_wconf 86' lang='lat' dir='ltr'><strong>obstant</strong></span> <span class='ocrx_word' id='word_1_264' title='bbox 883 3971 1197 4045; x_wconf 71' lang='lat' dir='ltr'><strong>sequentiat</strong></span> <span class='ocrx_word' id='word_1_265' title='bbox 1244 3988 1388 4040; x_wconf 82' lang='lat' dir='ltr'><strong>quae</strong></span> 
     </span>
     <span class='ocr_line' id='line_1_44' title="bbox 311 4038 1390 4101; baseline -0.007 -2"><span class='ocrx_word' id='word_1_266' title='bbox 311 4048 424 4101; x_wconf 70' lang='lat' dir='ltr'><strong>sibi</strong></span> <span class='ocrx_word' id='word_1_267' title='bbox 450 4051 536 4099; x_wconf 74' lang='grc'><strong>.;.</strong></span> <span class='ocrx_word' id='word_1_268' title='bbox 577 4044 905 4096; x_wconf 56' lang='lat' dir='ltr'><strong>evenissent.</strong></span> <span class='ocrx_word' id='word_1_269' title='bbox 972 4040 1128 4096; x_wconf 82' lang='lat' dir='ltr'><strong>Haec</strong></span> <span class='ocrx_word' id='word_1_270' title='bbox 1154 4039 1298 4093; x_wconf 88' lang='lat' dir='ltr'><strong>enim</strong></span> <span class='ocrx_word' id='word_1_271' title='bbox 1320 4038 1390 4091; x_wconf 84' lang='lat' dir='ltr'><strong>ad</strong></span> 
     </span>
     <span class='ocr_line' id='line_1_45' title="bbox 311 4109 1390 4169; baseline -0.01 0"><span class='ocrx_word' id='word_1_272' title='bbox 311 4116 463 4169; x_wconf 86' lang='lat' dir='ltr'><strong>idem</strong></span> <span class='ocrx_word' id='word_1_273' title='bbox 510 4114 739 4166; x_wconf 70' lang='lat' dir='ltr'><strong>verbum</strong></span> <span class='ocrx_word' id='word_1_274' title='bbox 788 4119 1040 4164; x_wconf 82' lang='lat' dir='ltr'><strong>tractare</strong></span> <span class='ocrx_word' id='word_1_275' title='bbox 1166 4109 1390 4167; x_wconf 87' lang='lat' dir='ltr'><strong>rtinere,</strong></span> 
     </span>
     <span class='ocr_line' id='line_1_46' title="bbox 314 4175 1392 4252; baseline -0.008 -15"><span class='ocrx_word' id='word_1_276' title='bbox 314 4202 431 4238; x_wconf 80' lang='lat' dir='ltr'><strong>non</strong></span> <span class='ocrx_word' id='word_1_277' title='bbox 464 4190 546 4235; x_wconf 87' lang='lat' dir='ltr'><strong>est</strong></span> <span class='ocrx_word' id='word_1_278' title='bbox 579 4175 731 4252; x_wconf 51' lang='lat' dir='ltr'><strong>quod¹</strong></span> <span class='ocrx_word' id='word_1_279' title='bbox 762 4197 1040 4233; x_wconf 77' lang='lat' dir='ltr'><strong>moneam.</strong></span> <span class='ocrx_word' id='word_1_280' title='bbox 1136 4197 1224 4231; x_wconf 85' lang='lat' dir='ltr'><strong>am</strong></span> <span class='ocrx_word' id='word_1_281' title='bbox 1263 4186 1392 4229; x_wconf 81' lang='lat' dir='ltr'><strong>tra-</strong></span> 
     </span>
     <span class='ocr_line' id='line_1_47' title="bbox 246 4246 1392 4319; baseline -0.007 -11"><span class='ocrx_word' id='word_1_282' title='bbox 246 4267 253 4288; x_wconf 84' lang='lat'><em>¹</em></span> <span class='ocrx_word' id='word_1_283' title='bbox 315 4261 502 4314; x_wconf 70' lang='lat' dir='ltr'><strong>ctare,</strong></span> <span class='ocrx_word' id='word_1_284' title='bbox 560 4264 704 4319; x_wconf 71' lang='lat' dir='ltr'><strong>quae</strong></span> <span class='ocrx_word' id='word_1_285' title='bbox 749 4249 860 4302; x_wconf 75' lang='lat' dir='ltr'><strong>sibi</strong></span> <span class='ocrx_word' id='word_1_286' title='bbox 905 4284 922 4301; x_wconf 94' lang='lat'><strong>.</strong></span> <span class='ocrx_word' id='word_1_287' title='bbox 950 4284 966 4304; x_wconf 91' lang='lat'><strong>.</strong></span> <span class='ocrx_word' id='word_1_288' title='bbox 994 4283 1011 4302; x_wconf 91' lang='lat'><strong>.</strong></span> <span class='ocrx_word' id='word_1_289' title='bbox 1057 4246 1392 4310; x_wconf 68' lang='lat' dir='ltr'><strong>evenissent,</strong></span> 
     </span>
    </p>
   </div>
   <div class='ocr_carea' id='block_1_14' title="bbox 1464 2201 2556 2929">
    <p class='ocr_par' dir='ltr' id='par_1_16' title="bbox 1464 2201 2556 2929">
     <span class='ocr_line' id='line_1_48' title="bbox 1465 2201 2554 2263; baseline 0.004 -20"><span class='ocrx_word' id='word_1_290' title='bbox 1465 2210 1619 2243; x_wconf 88' lang='lat' dir='ltr'><strong>mum</strong></span> <span class='ocrx_word' id='word_1_291' title='bbox 1641 2206 1927 2249; x_wconf 83' lang='lat' dir='ltr'><strong>revocare,</strong></span> <span class='ocrx_word' id='word_1_292' title='bbox 1966 2201 2249 2257; x_wconf 84' lang='lat' dir='ltr'><strong>reputare,</strong></span> <span class='ocrx_word' id='word_1_293' title='bbox 2285 2211 2425 2263; x_wconf 84' lang='lat' dir='ltr'><strong>quae</strong></span> <span class='ocrx_word' id='word_1_294' title='bbox 2448 2204 2554 2247; x_wconf 85' lang='lat' dir='ltr'><strong>etc.</strong></span> 
     </span>
     <span class='ocr_line' id='line_1_49' title="bbox 1464 2257 2554 2328; baseline 0.003 -16"><span class='ocrx_word' id='word_1_295' title='bbox 1464 2259 1613 2312; x_wconf 78' lang='lat' dir='ltr'><strong>Hinc</strong></span> <span class='ocrx_word' id='word_1_296' title='bbox 1652 2257 1849 2317; x_wconf 81' lang='lat' dir='ltr'><strong>eod‘ern</strong></span> <span class='ocrx_word' id='word_1_297' title='bbox 1886 2258 2187 2328; x_wconf 79' lang='lat' dir='ltr'><strong>significatu</strong></span> <span class='ocrx_word' id='word_1_298' title='bbox 2225 2260 2282 2313; x_wconf 84' lang='lat' dir='ltr'><strong>id</strong></span> <span class='ocrx_word' id='word_1_299' title='bbox 2329 2263 2554 2321; x_wconf 68' lang='lat' dir='ltr'><strong>verbum</strong></span> 
     </span>
     <span class='ocr_line' id='line_1_50' title="bbox 1467 2326 2554 2400; baseline 0.003 -20"><span class='ocrx_word' id='word_1_300' title='bbox 1467 2327 1540 2380; x_wconf 77' lang='lat' dir='ltr'><strong>&#39;ad-</strong></span> <span class='ocrx_word' id='word_1_301' title='bbox 1596 2326 1748 2397; x_wconf 69' lang='lat' dir='ltr'><strong>p‘rius</strong></span> <span class='ocrx_word' id='word_1_302' title='bbox 1806 2326 2121 2386; x_wconf 84' lang='lat' dir='ltr'><strong>membrum</strong></span> <span class='ocrx_word' id='word_1_303' title='bbox 2170 2329 2554 2400; x_wconf 82' lang='lat' dir='ltr'><strong>accipiendum</strong></span> 
     </span>
     <span class='ocr_line' id='line_1_51' title="bbox 1468 2394 2556 2463; baseline 0.003 -15"><span class='ocrx_word' id='word_1_304' title='bbox 1468 2394 1600 2456; x_wconf 86' lang='lat' dir='ltr'><strong>erit,</strong></span> <span class='ocrx_word' id='word_1_305' title='bbox 1654 2403 1716 2447; x_wconf 90' lang='lat' dir='ltr'><strong>ut</strong></span> <span class='ocrx_word' id='word_1_306' title='bbox 1752 2403 2004 2447; x_wconf 72' lang='lat' dir='ltr'><strong>tractare</strong></span> <span class='ocrx_word' id='word_1_307' title='bbox 2032 2398 2397 2463; x_wconf 76' lang='lat' dir='ltr'><strong>proeliorum</strong></span> <span class='ocrx_word' id='word_1_308' title='bbox 2433 2401 2556 2452; x_wconf 71' lang='lat' dir='ltr'><strong>vids</strong></span> 
     </span>
     <span class='ocr_line' id='line_1_52' title="bbox 1470 2462 2549 2538; baseline 0.002 -21"><span class='ocrx_word' id='word_1_309' title='bbox 1470 2462 1539 2517; x_wconf 81' lang='lat' dir='ltr'><strong>sit</strong></span> <span class='ocrx_word' id='word_1_310' title='bbox 1583 2463 1644 2515; x_wconf 89' lang='lat' dir='ltr'><strong>in</strong></span> <span class='ocrx_word' id='word_1_311' title='bbox 1687 2463 1931 2515; x_wconf 86' lang='lat' dir='ltr'><strong>animum</strong></span> <span class='ocrx_word' id='word_1_312' title='bbox 1976 2476 2244 2520; x_wconf 84' lang='lat' dir='ltr'><strong>revocare</strong></span> <span class='ocrx_word' id='word_1_313' title='bbox 2282 2475 2358 2518; x_wconf 75' lang='lat' dir='ltr'><strong>et-</strong></span> <span class='ocrx_word' id='word_1_314' title='bbox 2383 2486 2549 2538; x_wconf 83' lang='lat' dir='ltr'><strong>repu-</strong></span> 
     </span>
     <span class='ocr_line' id='line_1_53' title="bbox 1466 2529 2554 2605; baseline 0.004 -20"><span class='ocrx_word' id='word_1_315' title='bbox 1466 2542 1584 2585; x_wconf 84' lang='lat' dir='ltr'><strong>tare</strong></span> <span class='ocrx_word' id='word_1_316' title='bbox 1610 2529 1720 2583; x_wconf 79' lang='lat' dir='ltr'><strong>vias</strong></span> <span class='ocrx_word' id='word_1_317' title='bbox 1730 2570 1748 2595; x_wconf 86' lang='lat'>‚</span> <span class='ocrx_word' id='word_1_318' title='bbox 1786 2551 1917 2603; x_wconf 86' lang='lat' dir='ltr'><strong>quas</strong></span> <span class='ocrx_word' id='word_1_319' title='bbox 1943 2531 2221 2605; x_wconf 86' lang='lat' dir='ltr'><strong>hucusque</strong></span> <span class='ocrx_word' id='word_1_320' title='bbox 2250 2546 2367 2599; x_wconf 77' lang='lat' dir='ltr'><strong>erat</strong></span> <span class='ocrx_word' id='word_1_321' title='bbox 2389 2551 2554 2589; x_wconf 81' lang='lat' dir='ltr'><strong>secu·-</strong></span> 
     </span>
     <span class='ocr_line' id='line_1_54' title="bbox 1469 2600 2550 2659; baseline 0.004 -6"><span class='ocrx_word' id='word_1_322' title='bbox 1469 2610 1557 2653; x_wconf 85' lang='lat' dir='ltr'><strong>tus</strong></span> <span class='ocrx_word' id='word_1_323' title='bbox 1592 2601 1652 2652; x_wconf 75' lang='lat' dir='ltr'><strong>ir!</strong></span> <span class='ocrx_word' id='word_1_324' title='bbox 1677 2620 1751 2652; x_wconf 84' lang='lat' dir='ltr'><strong>-ex</strong></span> <span class='ocrx_word' id='word_1_325' title='bbox 1790 2600 2119 2655; x_wconf 83' lang='lat' dir='ltr'><strong>editionibus</strong></span> <span class='ocrx_word' id='word_1_326' title='bbox 2171 2613 2366 2656; x_wconf 85' lang='lat' dir='ltr'><strong>contra</strong></span> <span class='ocrx_word' id='word_1_327' title='bbox 2407 2602 2550 2659; x_wconf 86' lang='lat' dir='ltr'><strong>Ger-</strong></span> 
     </span>
     <span class='ocr_line' id='line_1_55' title="bbox 1468 2668 2552 2743; baseline 0.002 -20"><span class='ocrx_word' id='word_1_328' title='bbox 1468 2687 1679 2723; x_wconf 82' lang='lat' dir='ltr'><strong>manos.</strong></span> <span class='ocrx_word' id='word_1_329' title='bbox 1810 2668 1933 2722; x_wconf 87' lang='lat' dir='ltr'><strong>lane</strong></span> <span class='ocrx_word' id='word_1_330' title='bbox 1968 2669 2183 2724; x_wconf 85' lang='lat' dir='ltr'><strong>inutilia</strong></span> <span class='ocrx_word' id='word_1_331' title='bbox 2210 2681 2365 2735; x_wconf 86' lang='lat' dir='ltr'><strong>sunt,</strong></span> <span class='ocrx_word' id='word_1_332' title='bbox 2414 2692 2552 2743; x_wconf 81' lang='lat' dir='ltr'><strong>quae</strong></span> 
     </span>
     <span class='ocr_line' id='line_1_56' title="bbox 1470 2736 2552 2807; baseline 0.003 -16"><span class='ocrx_word' id='word_1_333' title='bbox 1470 2736 1756 2793; x_wconf 86' lang='lat' dir='ltr'><strong>coniecere</strong></span> <span class='ocrx_word' id='word_1_334' title='bbox 1829 2738 2118 2794; x_wconf 84' lang='lat' dir='ltr'><strong>Heinsius:</strong></span> <span class='ocrx_word' id='word_1_335' title='bbox 2192 2743 2552 2807; x_wconf 79' lang='lat' dir='ltr'><strong>proeliorum</strong></span> 
     </span>
     <span class='ocr_line' id='line_1_57' title="bbox 1468 2806 2552 2888; baseline 0.005 -30"><span class='ocrx_word' id='word_1_336' title='bbox 1468 2807 1671 2888; x_wconf 62' lang='lat' dir='ltr'><strong>dubia,</strong></span> <span class='ocrx_word' id='word_1_337' title='bbox 1725 2815 1780 2858; x_wconf 84' lang='lat' dir='ltr'><strong>et</strong></span> <span class='ocrx_word' id='word_1_338' title='bbox 1818 2806 2130 2862; x_wconf 80' lang='lat' dir='ltr'><strong>Ernestius=</strong></span> <span class='ocrx_word' id='word_1_339' title='bbox 2187 2811 2552 2875; x_wconf 79' lang='lat' dir='ltr'><strong>proeliorum</strong></span> 
     </span>
     <span class='ocr_line' id='line_1_58' title="bbox 1468 2893 1628 2929; baseline 0.006 -1"><span class='ocrx_word' id='word_1_340' title='bbox 1468 2893 1628 2929; x_wconf 70' lang='lat' dir='ltr'><strong>vloeS·</strong></span> 
     </span>
    </p>
   </div>
   <div class='ocr_carea' id='block_1_15' title="bbox 1467 3012 2555 3354">
    <p class='ocr_par' dir='ltr' id='par_1_17' title="bbox 1467 3012 2555 3354">
     <span class='ocr_line' id='line_1_59' title="bbox 1469 3012 2551 3085; baseline 0.007 -22"><span class='ocrx_word' id='word_1_341' title='bbox 1469 3021 1478 3038; x_wconf 89' lang='lat'><em>&#39;</em></span> <span class='ocrx_word' id='word_1_342' title='bbox 1540 3012 1788 3065; x_wconf 80' lang='lat' dir='ltr'><strong>tertium·</strong></span> <span class='ocrx_word' id='word_1_343' title='bbox 1836 3012 1958 3064; x_wconf 78' lang='lat' dir='ltr'><strong>iarn</strong></span> <span class='ocrx_word' id='word_1_344' title='bbox 2023 3030 2250 3067; x_wconf 70' lang='lat' dir='ltr'><strong>annum</strong></span> <span class='ocrx_word' id='word_1_345' title='bbox 2322 3018 2551 3085; x_wconf 75' lang='lat' dir='ltr'><strong>bellige-</strong></span> 
     </span>
     <span class='ocr_line' id='line_1_60' title="bbox 1467 3079 2553 3151; baseline 0.006 -18"><span class='ocrx_word' id='word_1_346' title='bbox 1467 3083 1648 3135; x_wconf 78' lang='lat' dir='ltr'><strong>ranti.</strong></span> <span class='ocrx_word' id='word_1_347' title='bbox 1726 3079 1808 3133; x_wconf 92' lang='lat' dir='ltr'><strong>M.</strong></span> <span class='ocrx_word' id='word_1_348' title='bbox 1846 3080 2051 3151; x_wconf 88' lang='lat' dir='ltr'><strong>Lepido</strong></span> <span class='ocrx_word' id='word_1_349' title='bbox 2104 3093 2160 3135; x_wconf 87' lang='lat' dir='ltr'><strong>et</strong></span> <span class='ocrx_word' id='word_1_350' title='bbox 2194 3083 2329 3138; x_wconf 90' lang='lat' dir='ltr'><strong>Stat.</strong></span> <span class='ocrx_word' id='word_1_351' title='bbox 2366 3085 2553 3140; x_wconf 80' lang='lat' dir='ltr'><strong>Tauro</strong></span> 
     </span>
     <span class='ocr_line' id='line_1_61' title="bbox 1472 3150 2555 3227; baseline 0.006 -25"><span class='ocrx_word' id='word_1_352' title='bbox 1472 3150 1752 3219; x_wconf 85' lang='lat' dir='ltr'><strong>coss.·(an.</strong></span> <span class='ocrx_word' id='word_1_353' title='bbox 1776 3170 1831 3203; x_wconf 91' lang='lat' dir='ltr'><strong>u.</strong></span> <span class='ocrx_word' id='word_1_354' title='bbox 1857 3150 1998 3218; x_wconf 83' lang='lat'><strong>764.)</strong></span> <span class='ocrx_word' id='word_1_355' title='bbox 2034 3150 2399 3208; x_wconf 84' lang='lat' dir='ltr'><strong>Germanicus</strong></span> <span class='ocrx_word' id='word_1_356' title='bbox 2434 3155 2555 3227; x_wconf 86' lang='lat' dir='ltr'><strong>pri-</strong></span> 
     </span>
     <span class='ocr_line' id='line_1_62' title="bbox 1469 3218 2555 3292; baseline 0.006 -21"><span class='ocrx_word' id='word_1_357' title='bbox 1469 3225 1627 3271; x_wconf 83' lang='lat' dir='ltr'><strong>mu‘m</strong></span> <span class='ocrx_word' id='word_1_358' title='bbox 1683 3231 1810 3271; x_wconf 83' lang='lat' dir='ltr'><strong>cum</strong></span> <span class='ocrx_word' id='word_1_359' title='bbox 1859 3218 2091 3289; x_wconf 89' lang='lat' dir='ltr'><strong>imperio</strong></span> <span class='ocrx_word' id='word_1_360' title='bbox 2138 3221 2421 3292; x_wconf 83' lang='lat' dir='ltr'><strong>profectus</strong></span> <span class='ocrx_word' id='word_1_361' title='bbox 2477 3233 2555 3277; x_wconf 80' lang='lat' dir='ltr'><strong>est</strong></span> 
     </span>
     <span class='ocr_line' id='line_1_63' title="bbox 1474 3285 2554 3354; baseline 0.006 -15"><span class='ocrx_word' id='word_1_362' title='bbox 1474 3297 1668 3339; x_wconf 84' lang='lat' dir='ltr'><strong>contra</strong></span> <span class='ocrx_word' id='word_1_363' title='bbox 1731 3285 2055 3340; x_wconf 83' lang='lat' dir='ltr'><strong>Germanos.</strong></span> <span class='ocrx_word' id='word_1_364' title='bbox 2119 3315 2122 3318; x_wconf 56' lang='lat'><strong>&gt;</strong></span> <span class='ocrx_word' id='word_1_365' title='bbox 2161 3289 2273 3342; x_wconf 88' lang='lat' dir='ltr'><strong>Dio</strong></span> <span class='ocrx_word' id='word_1_366' title='bbox 2323 3292 2421 3354; x_wconf 86' lang='lat'><strong>56,</strong></span> <span class='ocrx_word' id='word_1_367' title='bbox 2465 3292 2554 3346; x_wconf 84' lang='grc'><strong>25.</strong></span> 
     </span>
    </p>
   </div>
   <div class='ocr_carea' id='block_1_16' title="bbox 1431 3356 2553 3429">
    <p class='ocr_par' dir='ltr' id='par_1_18' title="bbox 1431 3356 2553 3429">
     <span class='ocr_line' id='line_1_64' title="bbox 1431 3356 2553 3429; baseline 0.005 -22"><span class='ocrx_word' id='word_1_368' title='bbox 1431 3356 1707 3408; x_wconf 42' lang='lat' dir='ltr'><strong>,Romam</strong></span> <span class='ocrx_word' id='word_1_369' title='bbox 1755 3373 2002 3408; x_wconf 83' lang='lat' dir='ltr'><strong>reversus</strong></span> <span class='ocrx_word' id='word_1_370' title='bbox 2051 3375 2196 3409; x_wconf 86' lang='lat' dir='ltr'><strong>anno</strong></span> <span class='ocrx_word' id='word_1_371' title='bbox 2239 3358 2553 3429; x_wconf 84' lang='lat' dir='ltr'><strong>insequenti</strong></span> 
     </span>
    </p>
   </div>
   <div class='ocr_carea' id='block_1_17' title="bbox 1471 3420 2608 4044">
    <p class='ocr_par' dir='ltr' id='par_1_19' title="bbox 1471 3420 2608 4044">
     <span class='ocr_line' id='line_1_65' title="bbox 1473 3420 2550 3494; baseline 0.005 -18"><span class='ocrx_word' id='word_1_372' title='bbox 1473 3423 1634 3493; x_wconf 87' lang='lat'><strong>(765.)</strong></span> <span class='ocrx_word' id='word_1_373' title='bbox 1661 3420 2007 3476; x_wconf 87' lang='lat' dir='ltr'><strong>consulatum</strong></span> <span class='ocrx_word' id='word_1_374' title='bbox 2030 3426 2206 3494; x_wconf 85' lang='lat' dir='ltr'><strong>gessit,</strong></span> <span class='ocrx_word' id='word_1_375' title='bbox 2241 3425 2392 3479; x_wconf 92' lang='lat' dir='ltr'><strong>bello</strong></span> <span class='ocrx_word' id='word_1_376' title='bbox 2406 3426 2550 3481; x_wconf 86' lang='lat' dir='ltr'><strong>Ger-</strong></span> 
     </span>
     <span class='ocr_line' id='line_1_66' title="bbox 1471 3492 2552 3568; baseline 0.005 -23"><span class='ocrx_word' id='word_1_377' title='bbox 1471 3493 1688 3546; x_wconf 84' lang='lat' dir='ltr'><strong>manico</strong></span> <span class='ocrx_word' id='word_1_378' title='bbox 1739 3492 1846 3544; x_wconf 82' lang='lat' dir='ltr'><strong>dux</strong></span> <span class='ocrx_word' id='word_1_379' title='bbox 1891 3492 1998 3544; x_wconf 88' lang='lat' dir='ltr'><strong>iam</strong></span> <span class='ocrx_word' id='word_1_380' title='bbox 2041 3505 2157 3546; x_wconf 82' lang='lat' dir='ltr'><strong>tum</strong></span> <span class='ocrx_word' id='word_1_381' title='bbox 2201 3494 2267 3546; x_wconf 87' lang='lat' dir='ltr'><strong>ab</strong></span> <span class='ocrx_word' id='word_1_382' title='bbox 2301 3495 2552 3568; x_wconf 81' lang='lat' dir='ltr'><strong>Augusto</strong></span> 
     </span>
     <span class='ocr_line' id='line_1_67' title="bbox 1475 3560 2553 3636; baseline 0.005 -23"><span class='ocrx_word' id='word_1_383' title='bbox 1475 3561 1788 3614; x_wconf 85' lang='lat' dir='ltr'><strong>destinatus.</strong></span> <span class='ocrx_word' id='word_1_384' title='bbox 1840 3560 1952 3613; x_wconf 92' lang='lat' dir='ltr'><strong>Dio</strong></span> <span class='ocrx_word' id='word_1_385' title='bbox 1978 3560 2052 3614; x_wconf 91' lang='lat' dir='ltr'><strong>ib.</strong></span> <span class='ocrx_word' id='word_1_386' title='bbox 2079 3581 2126 3615; x_wconf 88' lang='lat' dir='ltr'><strong>c.</strong></span> <span class='ocrx_word' id='word_1_387' title='bbox 2143 3563 2238 3634; x_wconf 88' lang='grc'><strong>·.26</strong></span> <span class='ocrx_word' id='word_1_388' title='bbox 2289 3562 2377 3626; x_wconf 78' lang='lat' dir='ltr'><strong>Ad</strong></span> <span class='ocrx_word' id='word_1_389' title='bbox 2403 3564 2553 3636; x_wconf 87' lang='lat' dir='ltr'><strong>quod</strong></span> 
     </span>
     <span class='ocr_line' id='line_1_68' title="bbox 1472 3628 2557 3701; baseline 0.002 -17"><span class='ocrx_word' id='word_1_390' title='bbox 1472 3629 1679 3684; x_wconf 87' lang='lat' dir='ltr'><strong>bellum</strong></span> <span class='ocrx_word' id='word_1_391' title='bbox 1728 3648 1815 3681; x_wconf 86' lang='lat' dir='ltr'><strong>an.</strong></span> <span class='ocrx_word' id='word_1_392' title='bbox 1863 3628 1983 3681; x_wconf 90' lang='grc'><strong>766.</strong></span> <span class='ocrx_word' id='word_1_393' title='bbox 2037 3630 2317 3701; x_wconf 83' lang='lat' dir='ltr'><strong>profectus</strong></span> <span class='ocrx_word' id='word_1_394' title='bbox 2373 3644 2455 3686; x_wconf 87' lang='lat' dir='ltr'><strong>est</strong></span> <span class='ocrx_word' id='word_1_395' title='bbox 2502 3643 2557 3686; x_wconf 84' lang='lat' dir='ltr'><strong>et</strong></span> 
     </span>
     <span class='ocr_line' id='line_1_69' title="bbox 1473 3698 2553 3769; baseline 0.006 -20"><span class='ocrx_word' id='word_1_396' title='bbox 1473 3698 1604 3764; x_wconf 74' lang='lat' dir='ltr'><strong>inde</strong></span> <span class='ocrx_word' id='word_1_397' title='bbox 1659 3707 1768 3749; x_wconf 75' lang='lat' dir='ltr'><strong>tres</strong></span> <span class='ocrx_word' id='word_1_398' title='bbox 1823 3698 1952 3751; x_wconf 86' lang='lat' dir='ltr'><strong>anni</strong></span> <span class='ocrx_word' id='word_1_399' title='bbox 2006 3710 2133 3752; x_wconf 86' lang='lat' dir='ltr'><strong>sunt</strong></span> <span class='ocrx_word' id='word_1_400' title='bbox 2180 3702 2553 3769; x_wconf 83' lang='lat' dir='ltr'><strong>computandi.</strong></span> 
     </span>
     <span class='ocr_line' id='line_1_70' title="bbox 1475 3765 2554 3832; baseline 0.004 -14"><span class='ocrx_word' id='word_1_401' title='bbox 1475 3765 1614 3818; x_wconf 86' lang='lat' dir='ltr'><strong>Nam</strong></span> <span class='ocrx_word' id='word_1_402' title='bbox 1659 3775 1780 3817; x_wconf 83' lang='lat' dir='ltr'><strong>ante</strong></span> <span class='ocrx_word' id='word_1_403' title='bbox 1838 3766 2182 3822; x_wconf 76' lang='lat' dir='ltr'><strong>consulatum</strong></span> <span class='ocrx_word' id='word_1_404' title='bbox 2226 3769 2341 3820; x_wconf 85' lang='lat' dir='ltr'><strong>non</strong></span> <span class='ocrx_word' id='word_1_405' title='bbox 2387 3770 2554 3832; x_wconf 82' lang='lat' dir='ltr'><strong>solus,</strong></span> 
     </span>
     <span class='ocr_line' id='line_1_71' title="bbox 1475 3832 2608 3909; baseline 0.004 -22"><span class='ocrx_word' id='word_1_406' title='bbox 1475 3834 1571 3888; x_wconf 86' lang='lat' dir='ltr'><strong>sed</strong></span> <span class='ocrx_word' id='word_1_407' title='bbox 1623 3832 1830 3885; x_wconf 90' lang='lat' dir='ltr'><strong>Tiberii</strong></span> <span class='ocrx_word' id='word_1_408' title='bbox 1886 3835 2148 3905; x_wconf 65' lang='lat' dir='ltr'><strong>auspiciis.¹</strong></span> <span class='ocrx_word' id='word_1_409' title='bbox 2198 3834 2554 3909; x_wconf 80' lang='lat' dir='ltr'><strong>belligeravit,</strong></span> <span class='ocrx_word' id='word_1_410' title='bbox 2604 3869 2608 3874; x_wconf 64' lang='grc'><strong>«</strong></span> 
     </span>
     <span class='ocr_line' id='line_1_72' title="bbox 1475 3900 2555 3975; baseline 0.003 -20"><span class='ocrx_word' id='word_1_411' title='bbox 1475 3921 1582 3955; x_wconf 81' lang='lat' dir='ltr'><strong>nec</strong></span> <span class='ocrx_word' id='word_1_412' title='bbox 1606 3900 1724 3955; x_wconf 91' lang='lat' dir='ltr'><strong>ullo</strong></span> <span class='ocrx_word' id='word_1_413' title='bbox 1754 3912 1872 3958; x_wconf 83' lang='lat' dir='ltr'><strong>tum</strong></span> <span class='ocrx_word' id='word_1_414' title='bbox 1911 3905 2119 3975; x_wconf 80' lang='lat' dir='ltr'><strong>proelio</strong></span> <span class='ocrx_word' id='word_1_415' title='bbox 2160 3904 2371 3959; x_wconf 82' lang='lat' dir='ltr'><strong>hostem</strong></span> <span class='ocrx_word' id='word_1_416' title='bbox 2407 3907 2555 3963; x_wconf 78' lang='lat' dir='ltr'><strong>vice-</strong></span> 
     </span>
     <span class='ocr_line' id='line_1_73' title="bbox 1473 3972 2552 4044; baseline 0.006 -21"><span class='ocrx_word' id='word_1_417' title='bbox 1473 3979 1634 4033; x_wconf 88' lang='lat' dir='ltr'><strong>runt,</strong></span> <span class='ocrx_word' id='word_1_418' title='bbox 1703 3989 1810 4024; x_wconf 87' lang='lat' dir='ltr'><strong>nec</strong></span> <span class='ocrx_word' id='word_1_419' title='bbox 1876 3972 2175 4044; x_wconf 82' lang='lat' dir='ltr'><strong>quidquam</strong></span> <span class='ocrx_word' id='word_1_420' title='bbox 2241 3984 2552 4036; x_wconf 82' lang='lat' dir='ltr'><strong>memoratu</strong></span> 
     </span>
    </p>
   </div>
   <div class='ocr_carea' id='block_1_18' title="bbox 1478 4037 2401 4110">
    <p class='ocr_par' dir='ltr' id='par_1_20' title="bbox 1478 4037 2401 4110">
     <span class='ocr_line' id='line_1_74' title="bbox 1478 4037 2401 4110; baseline 0.007 -18"><span class='ocrx_word' id='word_1_421' title='bbox 1478 4038 1706 4110; x_wconf 85' lang='lat' dir='ltr'><strong>dignum</strong></span> <span class='ocrx_word' id='word_1_422' title='bbox 1728 4037 1999 4098; x_wconf 79' lang='lat' dir='ltr'><strong>fecerunt.</strong></span> <span class='ocrx_word' id='word_1_423' title='bbox 2067 4041 2179 4095; x_wconf 92' lang='lat' dir='ltr'><strong>Dio</strong></span> <span class='ocrx_word' id='word_1_424' title='bbox 2205 4042 2288 4105; x_wconf 84' lang='lat'><strong>56,</strong></span> <span class='ocrx_word' id='word_1_425' title='bbox 2311 4043 2401 4098; x_wconf 81' lang='lat'><strong>25.</strong></span> 
     </span>
    </p>
   </div>
   <div class='ocr_carea' id='block_1_19' title="bbox 1544 4173 2379 4242">
    <p class='ocr_par' dir='ltr' id='par_1_21' title="bbox 1544 4173 2379 4242">
     <span class='ocr_line' id='line_1_75' title="bbox 1544 4173 2379 4242; baseline 0.006 -13"><span class='ocrx_word' id='word_1_426' title='bbox 1544 4193 1743 4232; x_wconf 77' lang='lat' dir='ltr'><strong>saeva.</strong></span> <span class='ocrx_word' id='word_1_427' title='bbox 1816 4173 2027 4242; x_wconf 69' lang='lat' dir='ltr'><strong>Graece</strong></span> <span class='ocrx_word' id='word_1_428' title='bbox 2049 4176 2119 4232; x_wconf 76' lang='grc' dir='ltr'><strong>τὰ</strong></span> <span class='ocrx_word' id='word_1_429' title='bbox 2177 4175 2379 4235; x_wconf 58' lang='lat' dir='ltr'><strong>alenai.</strong></span> 
     </span>
    </p>
   </div>
   <div class='ocr_carea' id='block_1_20' title="bbox 1477 4180 2560 4323">
    <p class='ocr_par' dir='ltr' id='par_1_22' title="bbox 1477 4180 2560 4323">
     <span class='ocr_line' id='line_1_76' title="bbox 1477 4180 2560 4323; baseline 0.005 -24"><span class='ocrx_word' id='word_1_430' title='bbox 1477 4245 1649 4319; x_wconf 79' lang='lat' dir='ltr'><strong>noph.</strong></span> <span class='ocrx_word' id='word_1_431' title='bbox 1692 4244 1896 4318; x_wconf 71' lang='lat' dir='ltr'><strong>Cyl-op.</strong></span> <span class='ocrx_word' id='word_1_432' title='bbox 1935 4246 1988 4310; x_wconf 79' lang='lat'><strong>4.</strong></span> <span class='ocrx_word' id='word_1_433' title='bbox 2026 4248 2074 4309; x_wconf 85' lang='lat'><strong>1,</strong></span> <span class='ocrx_word' id='word_1_434' title='bbox 2146 4287 2161 4304; x_wconf 90' lang='lat'><strong>.</strong></span> <span class='ocrx_word' id='word_1_435' title='bbox 2214 4244 2403 4305; x_wconf 74' lang='grc' dir='ltr'><em>πάντα</em></span> <span class='ocrx_word' id='word_1_436' title='bbox 2439 4180 2560 4323; x_wconf 52' lang='lat' dir='ltr'><strong>{gr</strong></span> 
     </span>
    </p>
   </div>
   <div class='ocr_carea' id='block_1_21' title="bbox 1783 4563 1898 4606">
    <p class='ocr_par' dir='ltr' id='par_1_23' title="bbox 1783 4563 1898 4606">
     <span class='ocr_line' id='line_1_77' title="bbox 1783 4563 1898 4606; baseline 0 0"><span class='ocrx_word' id='word_1_437' title='bbox 1783 4563 1788 4564; x_wconf 48' lang='lat'><em>⁷</em></span> <span class='ocrx_word' id='word_1_438' title='bbox 1881 4577 1898 4606; x_wconf 71' lang='lat' dir='ltr'><strong><em>s</em></strong></span> 
     </span>
    </p>
   </div>
  </div>
 </body>
</html>
