2794 5085
426 354 581 428 416

1227 347 1853 422 ANNALIUM

2285 340 2436 436 213:
2459 340 2565 436 ’ἐξ

428 526 582 583 arte
622 522 860 580 suetus
902 502 1325 578 distraheret
1364 520 1666 590 turmaS‚
1717 500 2026 595 spatium
2066 492 2325 572 ictibus
2367 526 2671 597 quaere-

1963 578 1983 622 ὁ

428 627 574 684 ret:
628 612 989 684 Sarmatae
1034 610 1295 678 omisso
1338 632 1545 693 arcu,
1596 622 1745 701 quo'
1783 606 2070 674 brevms
2110 605 2387 689 valent,
2436 606 2672 677 contis

430 716 824 808 gladiisque
849 726 1174 782 ruerent:
1232 711 1452 780 modo
1495 709 1839 804 equestris
1866 706 2142 799 {proelii
2174 730 2373 775 more
2406 707 2671 778 frontis

431 832 504 888 et
545 817 726 906 tergi
759 814 979 884 vices:
1043 812 1431 907 aliquando
1461 825 1545 883 ut
1578 821 1898 879 conserta
1930 808 2113 878 acies
2147 807 2572 900 corporibus
2602 823 2671 881 et

427 920 643 1012 pulsu
681 940 1046 988 armorum
1080 915 1431 1008 pellerent
1446 967 1468 1000 ,
1530 913 1989 1006 pellerentur.
2032 936 2035 939 ’
2091 910 2376 1003 iamque
2429 925 2503 981 et
2538 904 2671 981 A]-

427 1021 600 1091 bani
645 1018 977 1112 Iberique
1019 1039 1388 1110 prensare,
1452 1015 1868 1100 detrudere,
1929 1011 2311 1104 ancipitem
2354 1037 2670 1105 pugnam

426 1117 754 1192 hostibus
796 1121 1045 1194 facere.
1123 1142 1330 1214 ·quos
1374 1141 1589 1210 super
1622 1138 1841 1210 eques
1885 1127 1954 1185 et
1993 1114 2461 1207 propioribus
2509 1117 2669 1185 vul-

427 1224 723 1296 neribus
770 1221 1043 1315 pedites
1088 1221 1571 1294 adflictabant.

486 1450 838 1511 diberent-et
865 1462 1106 1510 turmas.
1171 1451 1406 1526 Appian.
1421 1451 1507 1507 l.l.

428 1523 645 1596 ἀνῆγον
672 1523 855 1581 ὀπίσω
893 1525 987 1577 καὶ
1018 1523 1361 1578 σκίδνασθαι
1402 1523 1507 1577 δο-

427 1596 656 1655 κοῦντες
679 1591 798 1666 ἅμα
822 1595 916 1647 καὶ
940 1589 1189 1647 διαλύειν
1210 1590 1311 1659 τὴν
1333 1587 1508 1654 τάξιν.

428 1664 502 1719 cf.
535 1666 581 1729 1,
606 1664 691 1719 60.
729 1663 1107 1716 distrahendo
1133 1662 1305 1716 hosti.
1375 1660 1505 1714 Non

426 1733 554 1788 satis
590 1743 738 1787 recte
777 1732 1206 1802 interpretantur
1246 1733 1502 1787 audeh-

425 1819 571 1855 nen:
602 1802 778 1855 immo
803 1809 1146 1854 zerstreuen.

427 1898 444 1902 “
494 1887 745 1955 spatium
785 1885 977 1939 ictibus
1012 1893 1321 1953 quaereret.
1392 1884 1413 1936 Ι
1420 1881 1503 1957 gi-

424 1966 517 2012 tur
539 1974 655 2009 non
684 1954 935 2011 cominus
965 1955 1296 2025 pugnabant.

493 2039 736 2093 brevius.
842 2037 1122 2092 Ernesti‘us
1181 2034 1378 2110 accipit
1438 2036 1508 2092 de

424 2118 674 2180 tempore
691 2147 707 2171 ,
755 2106 800 2172 1,
828 2107 926 2160 Fr.
949 2105 1266 2161 Gronovius
1304 2107 1508 2161 rectius

426 2179 496 2232 de
520 2176 711 2250 spatio.
782 2176 923 2229 Nam
957 2194 1055 2229 cur
1087 2193 1206 2228 non
1240 2180 1344 2228 diu
1370 2176 1506 2230 Sar-

426 2256 603 2301 matae
628 2262 760 2300 arcu
787 2245 1081 2308 valuerint,
1115 2262 1230 2299 non
1253 2243 1381 2298 satis
1405 2263 1503 2317 ap-

424 2322 789 2522 fflegttiestris.
847 2354 959 2452 ‘Sic
982 2397 1104 2478 edd.
1120 2397 1366 2479 Rhenan.
1385 2417 1506 2498 sqq:

476 2467 727 2520 ernaldus
783 2475 835 2519 et
885 2467 1131 2520 Alclatus
1190 2467 1502 2521 ediderant.

426 2537 643 2606 equites
681 2544 823 2598 tres,
865 2534 1015 2605 quod
1055 2535 1329 2592 Victorius
1364 2534 1424 2590 in
1461 2556 1508 2591 s.

333 2665 338 2674 ¹
425 2625 511 2661 ex.
538 2622 685 2661 corr.
714 2606 1003 2672 equestres.

449 2745 460 2752 „
476 2687 701 2760 frontis
726 2697 782 2741 et
804 2691 953 2755 tergi
975 2690 1138 2747 vices.
1206 2688 1257 2743 h.
1282 2691 1331 2742 ‘e.
1356 2690 1510 2762 sequi

424 2768 480 2814 et
525 2758 742 2838 fugere,
798 2757 892 2828 qui
942 2768 1018 2812 est
1070 2778 1190 2814 mos
1238 2758 1503 2828 equestris

423 2826 635 2899 proelii.
670 2825 747 2879 ef.
774 2824 988 2882 Sallust.
1021 2825 1133 2908 lug.
1166 2848 1217 2883 c.
1239 2829 1324 2883 59.
1399 2827 1504 2882 Ce-

424 2905 600 2951 terum
625 2894 860 2965 pendent
889 2895 1023 2952 haec
1057 2898 1220 2951 snmul
1254 2918 1380 2952 cum
1419 2918 1504 2951 se·

425 2963 717 3036 quentibus
768 2969 1050 3033 pellerent
1065 3002 1080 3024 ,
1145 2969 1507 3033 pellerentur,

425 3053 455 3087 e
486 3033 764 3105 superiore
838 3032 1062 3086 articula
1091 3053 1252 3096 cum,
1284 3047 1335 3089 et
1365 3036 1507 3088 bene

421 3101 708 3166 Muretus,
827 3100 1053 3156 cidalius
1103 3104 1503 3158 animadverte-

421 3181 559 3227 runt
618 3167 787 3222 intelli
828 3170 1031 3223 endum
1108 3191 1225 3226 esse
1295 3182 1502 3239 essent,

421 3238 574 3310 quod
646 3238 719 3291 ita
833 3249 982 3292 ostro
1051 3241 1227 3295 omitti
1289 3242 1505 3295 'docent

423 3306 683 3376 exempla.
757 3305 829 3361 cf.
872 3309 921 3369 1,
958 3307 1044 3362 65.
1093 3328 1219 3362 eum
1260 3310 1503 3362 barbari

405 3375 577 3447 sestis
605 3373 782 3441 epulis
811 3413 823 3427 .
840 3411 858 3428 .
878 3380 1295 3440 .*complerent,
1342 3383 1501 3446 apud

421 3446 724 3498 Romanos
752 3443 991 3497 invalidi
1009 3446 1164 3516 ignes
1180 3485 1197 3515 ,
1246 3449 1497 3500 interru-

417 3521 558 3582 ptae
596 3528 759 3565 voces
799 3522 902 3580 (sc.
934 3518 1132 3584 essent)
1179 3525 1352 3585 alque
1391 3515 1506 3582 ipsi

416 3581 635 3651 passim
660 3582 984 3634 adiacerent
1006 3586 1156 3636 vallo
1179 3594 1281 3638 etc.
1335 3587 1383 3647 1,
1409 3583 1499 3636 23.

423 3652 574 3719 quod
609 3665 788 3717 neque
828 3651 1050 3704 disiecti
1077 3662 1182 3709 etc.
1254 3652 1383 3706 Vid.
1427 3652 1504 3705 ibi

421 3728 540 3772 not.
622 3717 731 3797 Alii
766 3718 1071 3802 intelligunt
1105 3730 1305 3787 erant,
1393 3720 1505 3775 uod

421 3806 539 3840 non
577 3797 780 3856 patitur
817 3788 1082 3857 particula
1107 3809 1273 3857 kcum.
1403 3810 1500 3843 ru-

421 3868 569 3910 terus
614 3857 984 3910 accusativum
1034 3858 1344 3913 absolutum
1387 3878 1502 3911 esse

420 3934 603 3997 putat,
666 3925 758 3995 qui
803 3934 982 3977 tamen
1020 3925 1084 3978 iis
1130 3926 1297 3990 locis,
1354 3928 1500 3980 unde

423 3992 661 4064 exempla
685 3987 887 4055 adfert,
924 4013 1036 4047 non
1063 4004 1168 4059 est,
1205 4015 1271 4048 ne
1312 3995 1499 4050 ue·hic
1524 4029 1531 4044 ι

421 4073 502 4115 est
549 4061 823 4114 ferendus.
920 4063 1142 4134 Bipont.
1187 4064 1298 4117 inte
1325 4066 1498 4136 ligunt

419 4132 729 4181 secundum
755 4132 931 4191 vices,
967 4133 1046 4185 uti
1076 4133 1219 4204 apud
1246 4131 1365 4188 Liv.
1384 4136 1431 4196 1,
1443 4134 1496 4185 9.

421 4197 530 4249 Sed
566 4197 698 4251 haec
733 4199 970 4253 multum
1010 4200 1153 4255 inter
1192 4220 1249 4254 se
1288 4201 1498 4255 diversa

422 4276 565 4319 sunt.
646 4261 854 4338 Lipsius
888 4270 1101 4323 volebat
1135 4271 1279 4337 vice,
1330 4270 1497 4341 quod,

321 4366 332 4376 ,
421 4333 510 4408 cui
534 4332 769 4405 placeat,
804 4353 918 4390 non
941 4336 1101 4394 facile
1123 4337 1358 4394 habebit.

1143 4555 1157 4588 ι
1251 4573 1254 4580 ,

1686 1215 1884 1288 Inter
1928 1241 2108 1310 quae
2145 1210 2667 1288 Pharasmanes

1664 1460 1727 1505 ut
1750 1458 2006 1504 conserta
2027 1450 2191 1510 acates,
2260 1446 2357 1503 Sic
2390 1449 2519 1504 cod.
2545 1448 2670 1502 MS.

1593 1519 1717 1575 edd.
1765 1518 2019 1574 Beroald.
2069 1519 2190 1573 Alc.
2241 1518 2502 1574 Rhenan.
2617 1538 2669 1600 q.

1594 1590 1733 1645 Sunt
1786 1588 1880 1661 qui
1931 1587 2183 1641 Ernestio
2234 1597 2465 1641 auctore
2512 1537 2671 1640 hane

1588 1657 1772 1730 legant
1841 1657 2114 1727 conferta.
2222 1654 2334 1708 Sed
2411 1664 2675 1709 conserta

1589 1729 1736 1781 acies
1777 1725 1832 1781 h.
1864 1744 1915 1780 e.
1956 1725 2016 1791 in
2057 1742 2162 1796 qua
2205 1742 2323 1777 non
2376 1722 2578 1778 frontis
2624 1733 2677 1777 et

1590 1797 1727 1868 tergi
1753 1795 1905 1851 vices
1919 1832 1947 1868 ,⁵
1982 1794 2043 1846 in
2071 1812 2176 1864 qua
2198 1793 2285 1849 vir
2302 1792 2469 1857 viro,
2509 1793 2674 1847 armis

1591 1882 1741 1921 anna
1767 1872 2014 1919 conserta
2037 1872 2194 1926 sunt,
2224 1862 2366 1914 bene
2394 1861 2527 1916 huic
2551 1862 2674 1918 loeo

1593 1932 1865 1988 convenit.
1940 1930 2014 1986 cf.
2056 1928 2302 1989 Curti&
2337 1931 2392 1993 2,
2430 1931 2502 1984 18
2542 1940 2595 1984 et
2625 1929 2676 1993 3,

1593 2004 1679 2063 11.
1702 2000 1755 2055 4.
1790 2000 2036 2055 conserti
2066 2007 2123 2055 et
2158 2000 2326 2067 quasa·
2350 2002 2675 2053 cohaeren-

1592 2080 1711 2134 tes;
1755 2087 1908 2123 mox:
1957 2066 2210 2121 eominus
2241 2084 2514 2136 pugnum
2539 2086 2674 2122 eon-

1589 2156 1795 2193 serere.
1892 2135 1973 2192 ld.
2028 2137 2079 2200 8,
2125 2135 2207 2198 13,
2254 2136 2338 2189 12.
2389 2138 2492 2190 Ibi
2533 2138 2676 2191 levia

1585 2208 1815 2276 proelia
1835 2209 2217 2269 conserebant.
2267 2204 2537 2261 Heinsius
2563 2223 2672 2263 cm·-

1588 2277 1827 2349 rigebat=
1867 2286 2132 2329 conserta
2154 2291 2292 2329 acze.
2366 2273 2616 2345 Frustra.

1652 2348 1821 2413 pulsu
1900 2360 2214 2398 armorum.
2335 2341 2674 2416 Rupertiusz

1582 2423 1793 2482 punctu
1812 2430 2139 2474 armorum.
2175 2411 2326 2484 quod
2354 2412 2580 2469 nemini
2602 2413 2677 2467 in·

1531 2529 1536 2550 ,
1594 2483 1775 2546 vide0.

1664 2569 1803 2623 quos
1840 2569 2027 2621 super.
2100 2551 2256 2623 Quos
2293 2551 2551 2625 intellige
2582 2551 2673 2606 Al·

1593 2620 2159 2761 3:332533133‘31223
2164 2631 2421 2756 “Siasse‘?
2425 2623 2677 2763 zm:

1560 2757 1739 2813 'nitur
1779 2768 1840 2811 ut
1876 2756 2007 2812 infr.
2048 2759 2131 2821 16,
2166 2754 2253 2810 35.
2289 2761 2549 2811 humum
2585 2777 2677 2813 su·

1583 2844 1708 2896 per.
1779 2826 1986 2899 Accipe
2024 2846 2052 2879 e
2093 2826 2261 2879 uitem
2302 2846 2366 2880 su
2413 2846 2478 2880 er
2514 2830 2678 2901 capita

1590 2896 1937 2950 Albanorum
1966 2903 2018 2948 et
2043 2895 2065 2946 l
2108 2913 2332 2949 erorum
2403 2907 2584 2950 ostem
2607 2916 2677 2950 sa·

1592 2964 1734 3036 gittis
1779 2963 2097 3018 adflictasse.
2176 2963 2320 3017 Nam
2378 2983 2530 3034 quos
2579 2965 2678 3025 hic,

1589 3043 1651 3086 ut
1706 3052 1891 3104 saepe,
1952 3032 2019 3086 ad
2060 3032 2324 3085 remotius
2372 3034 2678 3088 subiectum

1590 3101 1826 3172 respicit.
1902 3100 2026 3153 vid.
2058 3111 2173 3154 not.
2216 3100 2287 3153 ad
2317 3103 2368 3162 1,
2402 3103 2496 3156 74.
2573 3103 2677 3156 Alii

1589 3187 1762 3237 super
1789 3169 2209 3241 interpretantur
2235 3169 2510 3238 insuper,
2538 3170 2679 3242 quod

1586 3239 1664 3291 ita
1691 3237 1798 3291 dici
1829 3237 2038 3292 idoneis
2064 3238 2320 3308 exemplis
2363 3240 2679 3298 debuissent

1588 3307 1842 3378 probare.
1943 3306 2057 3359 Pro
2095 3316 2285 3361 nostra
2332 3309 2574 3363 ratione‘
2598 3309 2678 3362 fa·-

1583 3375 1735 3430 ciunt
1767 3379 1814 3436 1,
1837 3376 1922 3429 68.
1958 3373 2009 3438 3,
2037 3373 2124 3428 46.

1646 3444 2007 3512 propioribus
2030 3445 2379 3499 vulneribus.
2433 3444 2536 3501 Sic
2561 3446 2677 3499 edd.

1583 3511 1840 3566 Beroald.
1873 3512 1997 3565 Alc.
2026 3512 2271 3567 Rhenan.
2303 3533 2430 3586 sqq.
2475 3535 2516 3565 a
2539 3533 2676 3583 pro·

1581 3581 1835 3649 pioribus
1898 3583 2162 3634 vulnerib.
2233 3582 2361 3635 edd.
2430 3581 2676 3636 Gronov.

1595 3649 1805 3718 (1672),
1839 3649 2052 3703 Ernest.
2070 3648 2327 3705 Oberlin.
2345 3671 2477 3724 sqq.
2512 3652 2675 3706 Unde

1589 3716 1863 3772 hauserint
1936 3719 2404 3799 praepositionem
2471 3720 2673 3775 nescio.

1588 3786 1647 3839 Si
1683 3806 1808 3839 vera
1846 3797 1984 3840 esset
1997 3809 2017 3852 ,·
2067 3786 2436 3870 intelligerem
2479 3809 2545 3842 ex
2580 3807 2675 3841 usu

1587 3853 1958 3916 Graecorum,
2004 3855 2111 3926 *qui
2161 3854 2277 3910 ἀπο
2321 3857 2400 3910 ita
2442 3866 2673 3929 ponunt,

1584 3933 1646 3975 ut
1703 3923 1746 3976 si
1820 3923 1968 3984 ificet
2016 3928 2246 3977 modum
2298 3934 2351 3977 et
2408 3927 2673 3979 rationem

1582 3943 2068 4062 aliquifinsaciendi.
2116 3993 2191 4074 ,αἱ
2215 3993 2475 4063 Xenoph.
2507 3996 2670 4048 Mem.

1586 4060 1646 4113 S.
1670 4062 1783 4120 1,·2,
1800 4062 1851 4115 9.
1887 4059 2001 4116 ἀπὸ
2025 4080 2132 4115 xva
2180 4079 2260 4115 ων
2285 4067 2671 4118 καθίστασθαι

1585 4126 1865 4200 ἄρχοντες.
1933 4130 2129 4202 Palaep
2169 4168 2184 4184 .
2213 4150 2263 4183 c.
2291 4132 2384 4185 41.
2462 4130 2667 4187 ἄητον-

1585 4218 1672 4260 τες
1715 4196 1855 4253 αὐτὰ
1894 4197 2007 4254 ἀπὸ
2043 4203 2320 4270 βοτανῶν.
2450 4201 2669 4258 lutarch.

1584 4269 1716 4342 Lyc.
1758 4287 1807 4323 c.
1836 4267 1923 4322 30.
1957 4265 1992 4337 ἦ
2038 4267 2200 4330 πόλις
2241 4268 2359 4326 ἀπὸ
2402 4267 2672 4335 σκυτάλης

1582 4341 1720 4410 μιᾶς
1745 4340 1843 4392 καὶ.
1862 4342 2126 4410 τρίβωνος
2151 4337 2407 4413 ἄρχουσα
2429 4343 2529 4408 τῆς
2549 4337 2669 4395 Ἑλ-
