2794 5085
423 353 586 412 xm
900 344 905 351 ’
1010 406 1015 415 ,
1161 330 1866 408 PRAEFATIO.

421 494 504 561 in
551 486 1059 582 posterioribus
1095 479 1490 555 Annalium
1538 499 1611 556 et
1643 483 2122 573 Historiarum
2168 486 2407 574 libris,
2466 491 2621 583 quia

420 591 683 664 horum
756 601 1162 659 contextum
1223 583 1653 658 hauriebant
1715 614 1800 658 ex
1866 587 2176 658 editione
2236 589 2621 666 Puteolani.

415 695 524 774 Ne
548 705 752 786 putes
767 690 1345 789 Florentinorum
1373 690 1700 769 codicum
1723 692 2141 785 scripturam
2166 694 2624 782 grammaticis
2675 682 2678 695 Κ

417 796 868 889 librariisque
899 791 1313 885 posterioris
1355 793 1515 863 aevi
1558 793 1805 864 deberi
1822 849 1841 879 ‚
1909 808 2157 865 cavent
2196 797 2621 869 monimenta

417 898 564 969 aeri
624 920 877 968 saxove
933 909 1251 986 tempore
1304 893 1627 983 florentis
1684 896 2053 968 latinitatis
2107 897 2327 972 incisa
2348 958 2369 988 ‚
2447 899 2621 968 inter

418 1025 601 1096 quae
668 1000 911 1069 adfero
978 1021 1025 1066 e·
1084 994 1539 1068 Munimento
1596 991 1981 1093 Ancyrano
2015 1080 2019 1084 ,
2051 996 2356 1097 oonlega'
2371 1055 2392 1085 ,
2486 995 2622 1083 ad-

412 1098 748 1197 signavi:
802 1125 852 1197 ⁸e
882 1098 1322 1169 monimento
1350 1098 1815 1191 Lugdunensi
1833 1156 1853 1186 ‚
1903 1100 1983 1170 in
2015 1126 2157 1195 quo
2185 1104 2446 1196 legitur
2471 1128 2620 1174 ora-

415 1207 516 1277 tio
546 1203 836 1277 Claudii
869 1202 963 1270 in·
984 1215 1233 1272 senatu
1266 1197 1548 1288 habita,
1596 1197 1709 1271 ad
1753 1200 2014 1272 robure
2032 1230 2053 1268 :
2105 1229 2142 1273 e
2189 1208 2620 1277 monimento,

414 1309 606 1401 apud
639 1299 993 1375 Pir-anesi
1022 1297 1317 1377 Antich.
1348 1298 1575 1374 Rom.
1625 1386 1642 1405 x
1697 1353 1718 1375 .
1757 1302 1827 1374 I.
1878 1302 2028 1391 lab.
2065 1300 2212 1380 IX.
2247 1320 2311 1380 el
2349 1305 2442 1383 X.
2486 1304 2617 1378 ad-

413 1406 725 1509 quisito:
790 1433 830 1476 e
863 1407 1307 1495 monimento
1343 1409 1533 1500 apud
1566 1404 1854 1481 Gruter.
1889 1433 1960 1500 p.
1994 1407 2169 1485 800.
2221 1438 2335 1488 nr.
2374 1415 2440 1488 1.
2486 1406 2616 1480 ad-

378 1504 383 1507 ’
414 1510 657 1583 lectuS.
755 1507 855 1580 Et
898 1504 1114 1579 habet
1157 1533 1325 1579 sane
1368 1505 1542 1580 haec
1573 1510 1949 1601 ‘scribendi
1994 1513 2176 1585 ratio
2220 1516 2618 1607 gravitatem

318 1634 321 1643 ·
411 1602 771 1711 quandam
817 1610 1070 1683 Tacito
1124 1610 1583 1702 aptissimam.
1712 1610 1857 1685 Sed
1902 1613 2105 1701 vide,
2182 1644 2276 1688 ne
2327 1618 2616 1688 nimium

411 1718 778 1805 indulgeas
821 1709 990 1787 huic
1034 1712 1269 1783 studio
1315 1714 1780 1810 etymologiae
1809 1729 1878 1785 et
1904 1716 2190 1815 adferas·
2209 1722 2471 1793 formas
2500 1743 2616 1787 ne-

338 1838 345 1845 ’
408 1820 596 1889 mini
641 1819 829 1887 inter
864 1828 1136 1886 veteres
1179 1816 1492 1901 auditas,
1557 1830 1641 1886 ut
1684 1810 2169 1914 adspernari,
2223 1817 2613 1921 adpellare,
2699 1830 2700 1835 ’

409 1917 768 1998 adcusare
789 1968 810 2000 ‚
862 1911 1197 2015 adcipere
1221 1931 1291 1988 et
1318 1918 1468 1987 alia
1500 1920 1850 2010 quaedam
1885 1921 2042 1994 eius
2073 1928 2388 2014 generis,
2450 1946 2615 2016 quae

310 2086 314 2093 .
394 2048 639 2119 ,neque
685 2023 765 2091 in
808 2019 1270 2090 monimentis
1317 2020 1555 2090 aeneis
1607 2021 1995 2113 lapideisve
2050 2051 2285 2122 neque
2330 2053 2367 2097 e
2407 2026 2612 2097 eodd,
2660 2089 2670 2095 .

407 2124 639 2200 Μὸὃ.ι
669 2123 1106 2194 Florentinis
1165 2123 1446 2215 prodita
1498 2123 1781 2196 inveni:
1855 2125 2123 2218 ubique
2182 2131 2421 2224 potius
2474 2125 2611 2196 vidi

343 2217 350 2227 ⁴
407 2224 836 2326 aspernari,
886 2220 1304 2324 appellare,
1357 2248 1739 2308 accusare,
1791 2224 2127 2324 accipere.
2246 2232 2482 2322 Quare
2525 2229 2613 2298 ita

292 2369 299 2376 ·
405 2334 487 2401 in
528 2332 659 2401 ista
699 2354 777 2411 re
803 2341 1123 2399 versatus
1151 2351 1346 2413 sum,
1395 2342 1477 2399 ut
1510 2352 1594 2397 ex
1621 2324 1758 2399 hoc
1787 2353 2041 2420 genere
2069 2336 2451 2405 retinerem
2475 2332 2611 2402 for-
2654 2326 2660 2347 ¹

403 2456 555 2503 mas
585 2430 997 2503 auctoritate
1031 2429 1357 2499 codicum
1372 2429 1956 2502 Florentinorum
1984 2449 2055 2506 et
2082 2436 2611 2531 inscriptionum

338 2607 349 2626 ,
402 2549 806 2628 constanter
835 2532 1393 2618 commendatas,
1458 2534 1890 2626 depellerem
1933 2536 2263 2611 duriores
2306 2555 2386 2611 etx
2417 2538 2610 2607 inau-

402 2637 607 2711 ditas.
704 2634 813 2708 Ita
842 2635 1161 2705 medium
1192 2634 1486 2729 aliquod
1529 2637 1717 2708 inter
1761 2640 1938 2709 duas
1983 2657 2222 2734 partes
2268 2635 2608 2713 scribendi

400 2763 622 2833 genus
675 2738 974 2822 exstitit,
1051 2762 1194 2831 quo
1251 2738 1519 2810 vitatur
1570 2739 1650 2809 id
1695 2728 1902 2835 =quod
1955 2745 2340 2816 offensioni
2387 2755 2485 2824 est
2529 2739 2611 2826 ab

400 2859 701 2940 utraque
748 2853 969 2934 parte.
1097 2837 1346 2933 Neque
1376 2854 1639 2911 *tamen
1690 2846 1930 2914 omnia
1981 2848 2280 2933 admisi,
2360 2856 2532 2940 quae
2576 2863 2609 2906 e

400 2947 559 3019 cod.
595 2944 788 3018 Flor.
832 2969 877 3030 a
918 2940 1239 3013 Victorio
1285 2943 1593 3035 prodita„
1616 2960 1818 3031 sunt,
1887 2948 2055 3041 quia
2101 2950 2422 3021 videram
2462 2941 2609 3014 aliis

396 3049 575 3119 locis
616 3047 833 3117 aliam
881 3066 1026 3116 esse
1071 3048 1374 3116 formam
1394 3072 1425 3115 ε’
1483 3048 1855 3119 studebam
1915 3050 2108 3123 enim
2167 3040 2607 3125 constantiae,

398 3175 806 3246 quanquam
838 3174 930 3218 ne
962 3145 1298 3241 antiquos
1327 3149 1618 3241 quidem
1653 3151 1861 3222 anxie
1897 3153 2249 3225 eiusmodi
2295 3165 2609 3223 constan-

346 3279 351 3284 *
394 3255 571 3323 tiam
619 3253 1026 3323 observasse
1071 3250 1393 3320 intellexi·
1438 3275 1476 3319 e
1518 3249 1972 3325 Munimento
2010 3251 2395 3353 Ancyrano
2412 3308 2431 3338 ‚
2488 3244 2606 3318 ubi

394 3356 654 3456 legitur
700 3348 1002 3446 conlega
1052 3366 1122 3422 et
1165 3377 1330 3423 mox
1380 3349 1791 3447 collegium.
1886 3356 2183 3429 .Verum
2227 3360 2394 3453 quia
2447 3349 2605 3422 haec

393 3481 508 3527 res
557 3457 747 3527 inter
778 3457 1140 3526 ‘nostrates
1192 3456 1627 3526 accuratiore
1685 3443 2141 3549 indagatione
2199 3463 2418 3551 digna.
2469 3471 2605 3522 esse

393 3559 626 3650 coepit
646 3614 667 3644 ‚
744 3557 1095 3627 eiusmodi
1142 3556 1355 3626 etiam
1395 3558 1784 3651 scripturae
1829 3563 2239 3638 vadetatem
2286 3564 2366 3631 in
2423 3575 2607 3626 com-

394 3655 740 3732 mentario
756 3657 1187 3752 —ple'ru‘mque
1215 3659 1575 3735 adnotavi.

599 3761 661 3855 ἓ.
704 3759 831 3836 40.
892 3759 1456 3853 Interpungendi
1499 3765 1798 3835 modum
1842 3767 2121 3837 institui
2164 3792 2362 3848 eum,
2418 3771 2497 3829 ut
2530 3754 2603 3820 in

394 3864 628 3940 Taciti
680 3878 1011 3936 contextu
1034 3864 1321 3955 triplici
1371 3878 1540 3935 nota
1588 3881 1974 3950 contentus
2019 3893 2279 3958 essem,
2348 3867 2597 3956 puncto

308 3985 314 3998 '
391 3964 539 4064 (.),
604 3963 918 4063 colo,(:)
969 3981 1035 4038 et
1080 3959 1425 4037 commate
1468 3962 1607 4063 (‚).
1722 3968 1903 4040 Nam
1953 3961 2146 4064 quod
2189 3963 2602 4041 recentiores

390 4072 694 4141 editores
719 4072 992 4142 addunt
1022 4068 1408 4139 semicolon
1437 4064 1551 4165 (3)
1582 4071 1661 4139 in
1689 4069 1922 4143 Taciti
1949 4073 2154 4144 libris
2180 4059 2433 4145 inutile
2465 4076 2604 4172 esse

390 4173 732 4262 cognovi,
793 4172 1056 4265 quippe
1095 4171 1220 4264 qui
1268 4197 1317 4252 a¹
1355 4171 1764 4262 longiorum
1805 4175 2268 4267 periodorum
2315 4164 2599 4240 artifimo

386 4272 779 4346 abhorrens
822 4290 890 4345 et
937 4267 1243 4349 concisis,
1282 4274 1649 4352 sententiis
1685 4279 2002 4366 gaudens
2046 4282 2160 4374 vel
2210 4277 2360 4346 sine
2391 4268 2604 4336 inter-
