2794 5085
273 346 545 447 2333ng
779 348 1160 425 121ss.st
1223 332 1821 429 *CAP.47.48.
1973 398 1978 409 ·
2267 354 2418 433 429

175 512 277 579 ad·
299 520 639 578 ‘senatum
681 504 883 575 missi
924 506 1281 591 ferebant,
1330 507 1715 600 nullaeque
1751 508 1830 577 in
1872 532 1993 580 eos
2037 509 2422 602 imperato-

181 604 282 691 ris
316 613 596 685 litterae
637 609 1128 700 suspicionem
1146 609 1417 679 dabant
1443 609 1765 678 invalido
1792 634 1873 679 ac
1898 613 2190 682 fortasse
2215 614 2424 704 igna-a-

179 739 260 784 ro
318 700 478 787 ficta
530 708 868 805 pleraque
913 712 1008 780 ob
1052 710 1463 780 inimicitias
1509 710 1873 781 Macronis
1914 728 2117 783 notas
2157 716 2237 784 in
2277 715 2422 784 Ar-

179 816 527 886 runtium.
700 856 706 861 ·
827 852 828 855 ¹
1129 862 1136 869 ·
2252 900 2253 905 γ
2533 882 2541 897 ,

339 1002 342 1005 A
384 911 725 989 XLVIII.
824 913 1050 1005 Igitur
1089 904 1457 983 Domitius
1509 915 1994 987 defensionem
2045 919 2423 1006 meditans,

179 1017 504 1103 Marsus,
552 1031 893 1110 tanquam
936 1016 1253 1087 inediam
1296 1016 1817 1102 destinavisset,
1878 1020 2277 1111 produxere
2310 1023 2423 1091 vi-

180 1135 328 1191 tam
344 1148 373 1190 εκ
414 1116 808 1190 Arruntius
843 1118 1370 1215 cunctationem
1396 1132 1466 1187 et
1491 1122 2217 1197 moras'suadentibus
2240 1124 2425 1195 ami..

181 1224 282 1293 cis
309 1247 464 1301 non
493 1224 741 1290 eadem
768 1222 1104 1291 omnibus
1134 1221 1393 1290 decora
1420 1221 1792 1312 respondit
1805 1242 1825 1291 :·
1872 1223 2014 1291 sibi
2038 1226 2214 1294 satis
2234 1214 2428 1297 aeta-

184 1326 308 1410 tis,
362 1349 595 1417 neque
621 1325 819 1393 aliud
850 1324 1366 1415 poenitendum
1392 1348 1620 1417 quam·
1648 1325 1842 1417 quod
1883 1325 2073 1395 inter
2110 1327 2427 1398 ludibria

181 1442 257 1499 ‚et
308 1427 626 1518 pericula
675 1426 957 1495 anxiam
1011 1439 1362 1497 senectam
1415 1426 1885 1510 toleravisset,
1963 1427 2089 1497 diu
2139 1428 2430 1517 Seiano,

124 1571 127 1591 χ
186 1553 379 1599 nunc
423 1527 806 1613 Macroni,
871 1552 1147 1619 semper
1195 1527 1410 1596 alicui
1451 1529 1854 1619 potentium
1895 1529 2221 1614 invisus,
2246 1566 2249 1569 ·
2274 1552 2428 1602 non

185 1631 431 1723 culpa,
491 1633 618 1699 sed
659 1643 746 1699 ut
785 1629 1218 1718 flagitiorum
1258 1624 1660 1720 impatiens,
1790 1628 1987 1700 Sane
2024 1638 2303 1722 paucos
2340 1649 2431 1705 et

183 1756 553 1825 supremos
608 1728 978 1823 principis
1013 1733 1169 1800 dies
1225 1754 1431 1821 posse
1493 1731 1738 1801 vitari:
1820 1735 2429 1831 quemadmodum

188 1859 564 1904 evasurum
594 1832 1036 1902 imminentis
1064 1833 1474 1903 iuventam?
1535 1858 1664 1918 an,
1711 1858 1876 1904 cum
1903 1833 2236 1909 Tiberius
2266 1853 2431 1930 post

185 1951 459 2009 tantam
505 1946 747 2004 rerum
791 1935 1299 2027 experientiam
1343 1935 1422 2003 vi
1477 1935 1991 2006 dominationis
2038 1941 2428 2011 ,convulsus

185 2054 257 2113 et
296 2052 614 2113 mutatus
646 2036 771 2121 sit,
821 2034 903 2109 C.
932 2034 1305 2106 Caesarem
1335 2037 1456 2104 vix
1479 2037 1680 2107 finita
1709 2039 2048 2129 pueritia,
2098 2041 2428 2131 ignarum

184 2142 518 2228 omnium
556 2154 681 2209 aut
715 2139 1040 2230 pessimis
1071 2137 1538 2223 innutritum,
1584 2140 1886 2209 meliora
1919 2144 2430 2234 capessiturum

181 2241 533 2319 Macrone
571 2242 796 2321 duce?
860 2242 988 2335 qui
1033 2257 1113 2312 ut
1153 2241 1464 2309 deterior
1501 2241 1595 2309 ad
1639 2238 2192 2333 opprimendum
2228 2246 2445 2325 Seia-¹

185 2368 372 2414 num
404 2344 713 2428 delectus
753 2344 963 2434 plura
995 2368 1123 2434 per
1166 2343 1429 2411 scelera
1469 2366 1621 2410 rem
1660 2343 2025 2433 publicam
2067 2349 2430 2421 conflicta..

186 2445 430 2518 visset.
530 2459 974 2537 prospectare
1002 2445 1142 2514 iam
1176 2469 1248 2512 se
1274 2445 1508 2514 acrius
1536 2445 1901 2514 servitium
1936 2471 2160 2540 eoque
2186 2452 2429 2540 fugere

184 2548 405 2618 simul
432 2562 583 2618 acta
618 2562 686 2618 et
714 2547 1073 2623 instantia.
1175 2545 1371 2618 Haec
1416 2548 1605 2636 vatis
1638 2548 1717 2616 in
1761 2550 2061 2619 modum
2103 2553 2432 2630 dictitans
2485 2581 2490 2591 ·

184 2675 407 2727 venas
435 2651 749 2723 resolvit.
849 2646 1295 2721 Documento
1322 2651 1687 2744 sequentia
1713 2665 1923 2720 erunt
1946 2653 2127 2723 bene
2147 2649 2433 2734 Arrun-

188 2754 373 2823 tium
401 2764 633 2821 morte
659 2775 893 2824 usum.
994 2746 1356 2821 Albucilla
1382 2752 1603 2838 inrito
1644 2753 1791 2822 ictu
1834 2777 1878 2823 a
1915 2769 2138 2825 semet
2177 2759 2433 2832 vulne·-

187 2869 340 2925 rata
387 2853 589 2922 iussu
631 2867 913 2921 senatus
957 2852 1036 2920 in
1075 2877 1425 2923 carcerem
1462 2855 1711 2926 fertur.
1827 2868 2234 2946 stuprorum
2282 2861 2430 2930 eius

185 2955 540 3039 ministri,
606 2951 971 3024 Carsidius
1018 2952 1360 3024 Sacerdos
1414 2957 1812 3048 praetorius
1861 2969 1943 3025 ut
1999 2958 2078 3026 in
2124 2960 2432 3030 insulam

188 3059 720 3152 deportaretur,
816 3054 1119 3126 Pontius
1174 3054 1632 3147 Fregellanus
1691 3049 2041 3128 amitteret
2105 3063 2431 3132 ordinem

260 3319 402 3374 CAP.
435 3291 542 3370 48.ς
598 3334 816 3371 moras-
897 3316 992 3370 Sic
1022 3316 1142 3370 edd.
1173 3317 1272 3370 Be·
1359 3317 1493 3370 haec
1527 3318 1724 3390 accipit
1753 3330 1814 3372 ut
1851 3318 1910 3373 ἓν
1938 3318 2032 3374 διὰ
2060 3317 2252 3388 δυοῖν,
2285 3344 2432 3391 pau-

189 3389 371 3441 roald.
416 3388 533 3440 Alc.
575 3384 750 3444 Rhen.
796 3405 918 3458 sqq.
1002 3385 1273 3438 Nonnulli
1359 3403 1772 3453 oossupremos
1796 3391 1932 3442 dies,

189 3458 319 3512 libri
360 3456 561 3520 habent
597 3472 848 3520 moram.
947 3453 1262 3508 cunctatio.
1430 3456 1861 3523 capessiturum.
1921 3459 2023 3513 Ed.
2040 3460 2164 3520 Ald.
2194 3467 2435 3529 capesci-

189 3542 329 3577 nem
381 3533 438 3576 et
486 3542 696 3577 moras.
781 3523 1117 3594 synonyma.
1200 3524 1273 3580 cf.
1358 3532 1570 3577 turum.

192 3593 364 3648 Roth.
404 3611 456 3662 p.
484 3593 538 3646 8.
1427 3611 1467 3645 α
1498 3603 1690 3645 semet.
1758 3593 1838 3646 Ex
1880 3598 2258 3652 emendatione
2294 3599 2432 3654 Rhe-

256 3695 536 3764 pericula.
604 3694 698 3758 sic
724 3693 1127 3748 edasseroatd.
1156 3694 1272 3747 Ale.
1356 3660 1508 3715 Μή·
1605 3661 1741 3715 Edd·
1780 3662 2035 3720 Bes⁰³¹d·
2078 3668 2197 3722 ΜΟ·
2234 3687 2303 3721 ⁰⁰
2337 3688 2429 3722 ⁸⁶·

187 3765 442 3849 Rbenan.
477 3782 596 3835 sqq.
638 3762 806 3846 ·C·od.
831 3761 1271 3843 M·S.·pericu151-
1358 3739 1722 3853 ἠῗὲιηίάίω
1756 3802 2038 3857 Sacerdos
2145 3804 2266 3859 Edd
2329 3810 2376 3860 B

193 3853 320 3894 rm,
371 3831 515 3885 unde
544 3851 814 3885 Verlsslme
838 3831 1049 3899 L1ps1us
1090 3851 1270 3886 eome-
2042 3842 2056 3857 ·
2275 3845 2287 3858 ·
2380 3829 2428 3862 e·

193 3903 299 3959 cit:
335 3900 596 3970 pericula
617 3902 803 3954 vmb-
1356 3867 2039 3991 'Ess'ffiiuffli‘sfflffdffiq'
2054 3875 2445 4001 Eedif’ii'rffisst}
2466 3971 2473 3976 ι

261 4016 580 4072 supremo&
650 3996 744 4051 Sic
780 3998 902 4052 edd.
942 3989 1117 4054 Rhen'.
1150 4019 1268 4072 sqq.
1354 4022 1475 4126 sqq.
1506 4004 1796 4059 Carsidius
1817 4008 1878 4063 S.
1953 4002 2091 4063 Vide
2119 4019 2233 4064 not.
2271 4014 2337 4066 ad
2375 4018 2427 4078 4,

189 4070 334 4126 Edd.
365 4066 621 4122 Beroald.
672 4065 797 4120 Ale.
833 4086 1045 4133 paucos
1080 4078 1135 4120 et
1172 4087 1273 4121 su-
1362 4075 1388 4126 1
1433 4108 1448 4126 .
2426 4093 2427 4098 ,

185 4158 401 4209 prema
420 4138 696 4205 principis
734 4137 880 4195 dies,
916 4137 1267 4208 quodRhen.
1422 4146 1838 4207 deportaretur.
1911 4144 2002 4199 Sic
2035 4147 2153 4201 edd.
2178 4147 2422 4204 Rhenan-

190 4211 250 4263 ἔτι
280 4209 545 4276 castigant.
582 4205 830 4276 exponit:
878 4225 1129 4275 „paucos
1156 4208 1267 4260 dies
1353 4228 1473 4292 sqq.
1523 4215 1860 4293 deportatur
1887 4214 2007 4267 edd.
2025 4214 2274 4271 Beroald.
2298 4218 2424 4273 Ale.

190 4288 245 4331 et
284 4295 419 4348 pro,
473 4275 529 4328 id
567 4286 646 4328 est
694 4293 757 4325 su
796 4293 945 4327 rema
989 4276 1268 4347 principis.
1353 4279 1632 4335 'Victorius
1661 4300 1716 4334 m
1745 4301 1788 4336 s.
1815 4300 1894 4336 ex.
1922 4301 2067 4338 corr.
2096 4289 2422 4354 deportare-

185 4343 581 4418 Appositive·”
659 4343 755 4396 Ma
780 4363 827 4396 e.
898 4342 1062 4399 Roth.
1097 4363 1149 4414 p.
1180 4347 1263 4399 56.
1351 4358 1469 4402 tur.

933 4465 942 4472 x
