2794 5085
2077 404 2091 419 ,,
2230 370 2295 417 A.
2314 370 2382 419 U·
2400 370 2504 419 m·

2086 444 2104 476 χ
2233 425 2299 468 Α.
2322 423 2381 471 C.
2427 425 2501 468 21.
2601 426 2602 431 ’

297 423 301 435 ·
362 394 518 479 254
1174 381 1408 457 ANN
1425 379 1611 455 ALI
1628 379 1692 453 U
1708 368 1793 453 M

352 550 677 622 -remotos
721 544 1023 639 populos
1061 541 1456 611 concirent:
1499 535 1805 628 plurimi
1849 559 1930 604 ac
1966 533 2270 605 maxime
2315 559 2605 626 compo-

366 654 490 731 siti
518 668 752 742 'regem
786 648 1174 736 urbemque
1197 637 1762 733 Philippopolim
1791 661 1832 707 a
1855 634 2252 709 Macedone
2266 631 2605 730 Philippo

371 759 574 826 sitam
606 748 1144 827 circumsidunt.
1729 806 1735 821 ,
1835 761 1858 793 x
2109 786 2114 793 .
2469 772 2476 777 .

573 866 912 940 XXXIX.
1018 862 1222 949 Quae
1276 860 1406 929 ubi
1448 858 1728 947 cognita
1770 854 1852 928 P.
1899 854 2176 923 Velleio
2235 851 2329 948 (is
2369 855 2607 947 proxi-

366 998 572 1045 mum
620 952 1000 1040 exercitum
1040 959 1563 1055 praesidebat),
1642 959 1930 1029 alarios.
1960 957 2231 1050 equites
2288 981 2374 1027 ae
2422 958 2616 1043 leves

370 1072 775 1147 cohortium
805 1067 1022 1138 mittit
1050 1067 1131 1134 in
1164 1087 1319 1149 εοε,
1371 1062 1498 1155 qui
1536 1059 2032 1157 praedabundi
2073 1072 2197 1131 aut
2234 1059 2622 1141 adsumen-¹

376 1169 1304 1258 dis=auxiliis·vagabantur.
1408 1165 1558 1257 ipse
1603 1164 1827 1232 robur
1869 1161 2194 1253 peditum
2242 1161 2334 1229 ad
2384 1160 2613 1229 exsol-

371 1281 689 1350 vendum
741 1271 1100 1351 obsidium
1134 1267 1375 1338 ducit.
1502 1263 1894 1356 (Simulque
1960 1276 2210 1332 cuncta
2257 1285 2613 1353 *prospere

372 1396 565 1465 acta,
616 1377 834 1448 caesis
870 1368 1415 1466 populatoribus
1457 1380 1524 1436 et
1564 1365 2002 1434 dissensione
2050 1378 2205 1433 orta
2250 1364 2445 1454 apud
2484 1364 2615 1432 ob-

373 1484 682 1565 sidentes
704 1476 1040 1568 ‘regisque
1072 1479 1482 1563 ,opportuna
1523 1468 1897 1558 emptione
1938 1479 2009 1534 et
2043 1467 2357 1534 adventu
2390 1464 2616 1555 legio-
2669 1540 2676 1551 ἱ

374 1578 539 1660 nis.
572 1577 578 1585 ’
628 1603 862 1672 neque
906 1575 1131 1646 aciem
1170 1584 1295 1642 aut
1334 1568 1692 1662 proelium
1730 1568 1873 1637 dici
1900 1566 2232 1675 ‚decuerit
2247 1607 2269 1651 ,·
2348 1567 2429 1634 in
2473 1591 2613 1659 quo

378 1702 752 1758 semermes
818 1704 898 1748 ac
957 1677 1274 1770 palantes
1334 1669 1672 1742 trucidati
1724 1682 1890 1739 sunt
1941 1669 2095 1737 sine
2151 1682 2414 1738 nostro·
2455 1691 2617 1737 san-

198 1836 215 1857 .
376 1789 620 1880 guine.
708 1862 721 1865 -

576 1897 740 1973 XL.
826 1882 1119 1963 'Eodem
1155 1915 1347 1961 anno
1391 1887 1797 1976 Galliarum
1844 1884 2161 1958 civitates
2208 1886 2303 1954 ob
2341 1885 2619 1974 magni-

379 2005 706 2079 tudinem
748 1996 927 2066 aeri's
974 1994 1194 2062 alieni
1226 1988 1701 2061 ¹rebellionem
1744 1980 2186 2080 coeptavere:
2255 1988 2461 2056 cuius
2504 2011 2619 2055 ex-

382 2086 782 2178 stimulatur
813 2096 1195 2167 acerrimus
1228 2094 1418 2183 inter
1447 2074 1801 2161 Treveros
1830 2089 2057 2161 Iulius
2084 2087 2380 2174 Florus,
2432 2089 2618 2180 apud

382 2205 674 2281 Aeduos
705 2200 932 2274 Iulius
957 2196 1312 2270 Sacrovir.
1410 2193 1752 2264 nobilitas
1783 2192 2130 2261 ambobus
2161 2204 2230 2259 et
2265 2190 2621 2260 maiorum

452 2496 647 2549 regem
677 2477 1001 2541 urbemque.
1073 2471 1132 2523 ἓν
1158 2469 1251 2525 διὰ
1282 2469 1462 2532 δυοῖν,

383 2571 575 2620 regem
602 2549 662 2600 in
690 2547 840 2598 urbe.
913 2541 984 2594 cf.
1010 2538 1170 2594 Roth.
1207 2560 1262 2611 p.
1287 2538 1384 2597 51,

457 2641 497 2672 a
520 2651 531 2668 x
558 2617 863 2674 Macedone
937 2609 1186 2674 Philippo
1265 2608 1460 2659 sitam.

380 2683 786 2746 Freinshemius
815 2677 1011 2731 omissa
1038 2697 1162 2749 prae
1206 2674 1465 2728 osii-ionez

385 2753 688 2814 Macedoni
741 2748 1026 2812 Philippo.
1147 2696 1462 2814 lferperam.

354 2829 514 2883 'Non
554 2822 738 2876 eadem
786 2816 1043 2878 omnibus
1092 2812 1226 2865 locis
1267 2831 1464 2864 conve·

352 2933 353 2938 =
387 2898 566 2951 niunt.
665 2888 803 2941 Nam
867 2884 996 2935 urbs
1053 2882 1302 2951 Philippo
1366 2879 1465 2931 sita

318 3019 319 3022 ,
427 2959 564 3017 otest
598 2958 757 3010 etiam
786 2951 1041 3020 intelligi,
1130 2968 1225 3003 uae
1250 2949 1310 3001 in
1340 2947 1466 3002 Phi-

387 2987 524 3105 lippi
571 3022 895 3089 memoriam
949 3020 1013 3072 ab
1064 3038 1171 3072 ano
1214 3026 1295 3071 est
1334 3035 1467 3070 con·

388 3105 519 3160 dita.
589 3094 659 3149 cf.
690 3102 806 3146 not.
840 3088 908 3141 ad
933 3090 983 3150 2,
1011 3088 1063 3141 7.

460 3172 595 3224 CAP.
623 3162 710 3216 39:
775 3159 842 3211 P.
872 3158 1104 3210 Velleio.
1177 3153 1315 3207 Cod.
1342 3151 1465 3206 MS.

390 3240 474 3296 ed.
501 3230 753 3288 Beroald.
784 3228 1034 3284 Vellaeo,
1067 3224 1215 3276 unde
1241 3241 1467 3292 sequen-

390 3322 470 3365 tes
505 3302 628 3357 edd.
676 3298 859 3350 fecere
899 3295 1134 3346 Velleio·
1218 3289 1467 3359 Utraque

390 3378 568 3430 forma
626 3369 768 3420 bona
818 3362 1030 3415 videtur
1092 3379 1225 3413 esse.
1323 3358 1464 3426 Nam

391 3443 602 3497 variant
631 3435 788 3490 etiam
814 3430 937 3483 libri
968 3431 1111 3483 inter
1137 3428 1386 3481 Gnaeum
1414 3434 1466 3476 et

395 3511 643 3564 Cneium.
717 3504 825 3553 lam
857 3498 1132 3560 dubitant,
1172 3515 1241 3547 an
1275 3495 1344 3547 sit
1377 3492 1469 3545 hie

335 3569 339 3577 ὁ
395 3575 636 3631 Velleius
660 3569 784 3632 ille,
819 3566 974 3620 cuius
999 3562 1278 3618 historiam
1307 3562 1466 3614 habe-

392 3667 516 3703 mus
545 3643 866 3695 Romanam.
938 3634 1004 3685 Et
1034 3643 1176 3686 aetas
1214 3641 1266 3684 et
1301 3629 1467 3684 homo

393 3715 519 3772 satis
595 3707 839 3761 uadrant.
931 3701 1069 3755 Nam
1110 3698 1344 3758 Velleius
1384 3717 1467 3775 re-

358 3825 359 3828 ,
394 3803 518 3840 rum
545 3731 915 3833 Romanarum
945 3768 1177 3839 scriptor
1209 3788 1238 3820 a
1272 3786 1330 3819 re
1370 3785 1469 3817 un·

395 3850 539 3908 litari
569 3865 683 3900 non
711 3839 1064 3900 abhorrebat,
1109 3836 1197 3889 sed
1234 3833 1468 3905 plurima

347 3940 350 3950 “
395 3923 496 3977 sub
519 3912 742 3971 Tiberio
770 3910 991 3978 aliisque
1020 3905 1247 3958 ducibus
1273 3903 1469 3973 stipen-

398 3990 485 4044 dia
520 3984 680 4044 feeit3
729 3998 794 4032 ac
865 3981 1075 4028 raetura
1116 3973 1333 4025 functus
1377 3989 1466 4022 an.

398 4078 454 4112 u.
483 4052 586 4108 768
618 4050 711 4118 (cf.
743 4048 822 4098 Ve
851 4048 885 4098 l.
916 4045 968 4103 2,
996 4043 1138 4102 124.)
1177 4039 1386 4091 videtur
1410 4058 1468 4090 ex

399 4121 639 4180 Caesaris
702 4115 966 4185 legatione
1019 4108 1270 4161 exercitui
1320 4124 1471 4175 prae·

399 4193 565 4247 fuisse
605 4181 758 4250 annis
795 4178 1217 4249 insequentibus.
1309 4175 1474 4226 Prae-

403 4276 607 4315 nomen
635 4254 751 4311 viri,
770 4250 926 4321 quod
953 4246 1118 4301 dubio
1144 4265 1244 4298 nos
1269 4244 1475 4311 eripere

443 4327 600 4385 ossit,
634 4340 747 4374 non
774 4318 1137 4371 satist-,ertum
1165 4323 1260 4374 est.
1330 4310 1473 4389 Nam

403 4350 710 4455 griscianus
725 4388 981 4439 Marcum
1004 4381 1217 4445 scribit,
1255 4390 1314 4431 ut
1337 4389 1473 4449 opt·-

1546 2487 1665 2526 mae
1692 2476 1851 2520 notae
1874 2464 2094 2520 codices
2116 2463 2620 2534 quidamVelleiani.

1546 2535 1842 2608 vulgatum
1865 2546 1942 2587 est
1958 2533 2139 2588 Caius.
2182 2531 2441 2586 Publium
2467 2534 2623 2586 etiam

1547 2606 1714 2659 codex
1750 2601 1960 2658 Burerii
2003 2602 2180 2655 virum
2226 2602 2376 2656 dicit.
2445 2603 2623 2655 ‚Erne-

1547 2675 1679 2727 stius
1709 2693 1832 2725 cum
1858 2670 2068 2742 Ryckio
2104 2671 2192 2725 vix
2222 2670 2399 2724 eredit
2435 2670 2623 2725 intelli·

1549 2743 1786 2821 gendum
1850 2760 1964 2793 esse
2014 2739 2381 2801 Historieum,
2456 2758 2623 2809 quum

1550 2830 1662 2880 ipse
1689 2808 1819 2861 nihil
1846 2808 1910 2861 de
1937 2809 2038 2861 hac
2062 2807 2394 2878 expeditione
2412 2806 2624 2862 dicatin

1549 2877 1769 2931 his·0ria
1802 2895 1915 2930 sua.
1990 2877 2053 2929 ld
2089 2887 2270 2930 tamen
2298 2876 2625 2929 levissimum

1552 2956 1632 2999 est
1669 2956 2067 3014 argumentum.
2140 2944 2282 2997 Nam
2318 2945 2417 2996 sub
2461 2945 2622 2997 finem

1553 3035 1584 3067 ο
1628 3012 1729 3066 eris
1759 3022 1808 3065 et
1838 3013 2057 3094 quidem
2094 3013 2293 3080 2129.
2322 3023 2434 3064 tam
2471 3011 2624 3066 brevi

1551 3084 1587 3135 il
1613 3103 1640 3134 e
1671 3081 1900 3135 absolvlt
1925 3100 2011 3133 res
2042 3082 2141 3133 sub
2171 3080 2395 3132 Tiberio
2436 3093 2624 3152 gestas,

1550 3161 1610 3204 ut
1648 3149 1895 3221 profecto
1936 3148 2283 3220 adrogantiae
2322 3150 2623 3230 arguendus

1551 3228 1715 3281 esset,
1765 3217 1809 3270 si
1843 3217 1913 3269 de
1943 3216 2041 3270 hac
2071 3235 2164 3269 sua
2196 3216 2624 3286 expeditiuncula
2659 3225 2660 3236 ¹

1550 3287 1844 3357 quidquam
1882 3284 2270 3339 admiscuisset.
2345 3284 2502 3338 Haud
2528 3286 2623 3337 im·

1549 3356 1788 3427 prudens
1813 3352 2061 3407 iactantia
2086 3352 2405 3424 supersedit.

1622 3457 1926 3507 exercitum
1955 3433 2332 3518 praesidebat.
2405 3452 2487 3507 Ut
2516 3453 2565 3516 4,
2594 3451 2626 3503 5

1479 3547 1488 3563 ¹
1552 3534 1606 3576 et
1635 3524 1721 3576 72.
1772 3523 1854 3588 12,
1875 3522 1963 3573 29.
2025 3522 2229 3575 Contra
2259 3525 2304 3584 1,
2331 3522 2415 3574 58.
2455 3540 2622 3575 exer-

2195 3590 2321 3643 Vid.
2366 3601 2485 3644 not.
2532 3590 2623 3642 ibi.

1553 3660 1763 3712 Eodem
1790 3658 1958 3710 modo
1983 3658 2152 3714 variat
2182 3676 2307 3712 usus
2333 3659 2486 3711 verbi
2518 3663 2626 3713 ad·

1552 3733 1752 3782 sidere.
1834 3724 1909 3779 cf.
1947 3737 2059 3779 not.
2096 3727 2176 3779 ad.
2198 3726 2252 3786 4,
2291 3728 2375 3779 58.
2461 3728 2626 3781 Erne-

1552 3798 1685 3850 stius
1726 3794 1791 3847 ad
1838 3794 2200 3850 accusativum
2248 3795 2502 3867 intelligit
2552 3798 2627 3849 ad

1553 3865 1641 3922 vel
1669 3868 1836 3936 apud.
1906 3863 2146 3920 Frustra.

1553 3593 1687 3646 citui
1729 3585 2100 3654 praesidebas.

1620 3950 1756 4002 levis
1794 3949 2124 3999 cohortium.
2204 3945 2300 4002 Sic
2341 3947 2470 4001 cod.
2509 3947 2625 4001 MS.

1555 4019 1680 4073 edd.
1707 4016 1833 4069 Ber.
1865 4014 2046 4067 Rhen.
2065 4015 2189 4068 Ald.
2260 4019 2410 4068 leves
2434 4035 2482 4073 c.
2507 4016 2625 4069 edd.

1553 4088 1697 4157 Lips.
1720 4084 1870 4137 Pieh.
1901 4103 2022 4153 sqq.
2092 4084 2294 4136 Verum
2327 4102 2441 4138 non
2471 4085 2625 4138 video

1559 4175 1659 4211 eur
1680 4153 1768 4206 hic
1783 4163 1962 4204 vetere
1970 4172 2022 4203 m
2044 4152 2279 4204 sormam
2294 4170 2626 4223 spernamus,

1560 4242 1721 4296 quam
1752 4219 1876 4272 alibi
1902 4220 2253 4274 admittimus.

1624 4321 1945 4360 semermes.
2041 4304 2135 4357 Sic
2180 4305 2299 4359 edd.
2337 4304 2466 4356 Ber.
2514 4322 2626 4377 sqq.

1555 4391 1832 4429 semerme
1857 4372 1981 4427 MS.
2053 4373 2125 4428 cf.
2150 4384 2266 4429 not.
2296 4373 2363 4426 ad
2391 4375 2435 4436 1,
2462 4373 2516 4425 6.
