2794 5085
2238 332 2301 377 A.
2319 331 2388 374 U.
2404 332 2520 374 7⁹9.

369 343 525 416 422
1160 335 1772 410 ANNALmM
2242 382 2383 451 „q
2437 384 2520 428 ω,

373 512 499 569 tur
538 483 641 568 ob
676 517 959 567 servum
996 490 1436 564 adulterum:
1503 518 1637 564 nec
1674 493 2138 566 dubitabatur
2178 495 2271 565 de
2314 494 2633 588 flagitio.

283 654 288 663 .
378 623 543 690 ergo
578 599 838 668 omissa
865 596 1274 667 defensione
1299 597 1518 665 finem
1541 597 1728 666 vitae
1758 597 1899 667 sibi
1922 598 2185 688 posuit.

479 697 674 774 XLI.
716 695 859 770 Per
898 699 1091 767 idem
1120 711 1400 792 tempus
1426 696 1780 769 Clitarum
1809 698 2015 769 natio
2032 696 2452 792 Cappadoci
2482 699 2674 774 Ar-2·

373 798 626 873 thelao
655 801 968 871 subiecta
982 854 1004 884 ‚
1054 801 1217 893 quia
1249 815 1575 870 nostrum
1600 802 1679 868 in
1703 802 2011 884 modum,
2026 803 2303 872 deferre
2342 828 2636 891 census,

377 905 530 998 pati
564 903 837 975 tributa
874 901 1344 993 adigebatur‚—
1386 902 1467 971 in
1506 903 1669 992 iuga
1695 902 1925 973 Tauri
1962 906 2230 974 montis
2263 907 2637 993 abscessit·

304 1085 311 1094 ¹
380 1008 846 1100 locorumque
887 1004 1178 1095 ingenio
1219 1027 1365 1073 sese
1394 1018 1641 1087 contra
1669 1005 1992 1075 imbelles
2016 1007 2203 1095 regis
2232 1009 2489 1100 copias
2514 1025 2638 1080 tu-

380 1109 668 1179 tabatur
681 1162 705 1193 ,
752 1109 981 1178 donec
1008 1103 1119 1180 Μ.
1144 1103 1553 1177 Trebellius
1588 1107 1859 1197 legatus
1894 1132 1936 1176 a
1960 1105 2259 1178 Vitellio
2294 1112 2637 1201 praeside

383 1207 635 1305 Syriae
680 1233 844 1279 cum
882 1219 1219 1302 quattuor
1259 1208 1584 1279 millibus
1623 1208 2181 1299 legionariorum
2217 1224 2290 1283 et
2330 1212 2637 1284 delectis

382 1311 668 1381 auxiliis
691 1309 949 1382 missus
976 1310 1158 1380 duos
1183 1310 1421 1396 collis,
1465 1333 1646 1405 quos
1669 1312 1959 1381 barbari
1997 1312 2417 1389 insederant
2458 1311 2657 1409 (mi-

384 1414 552 1483 nori
576 1410 846 1497 Cadra,
894 1411 1103 1482 alteri
1128 1403 1411 1482 Davara
1445 1436 1714 1482 nomen
1753 1411 1888 1509 est)
1934 1415 2270 1506 operibus
2312 1416 2638 1488 circum-

355 1515 586 1587 ·dedit
628 1529 699 1584 et
742 1537 1113 1605 erumpere
1155 1537 1362 1583 ausos
1405 1515 1596 1585 ferro
1614 1569 1635 1599 ‚
1701 1528 1967 1585 ceteros
2013 1515 2132 1586 siti
2177 1518 2270 1586 ad
2311 1519 2636 1590 deditio-

343 1610 350 1616 ’
385 1640 556 1686 nem
597 1616 844 1715 coegit.
944 1608 1047 1685 At
1086 1613 1451 1686 Tiridates
1491 1617 1900 1686 volentibus
1940 1613 2225 1688 Parthis
2260 1617 2637 1714 Nicepho-

388 1719 583 1788 rium
620 1731 690 1789 et
720 1712 1286 1788 Anthemusiada
1322 1732 1725 1812 ceterasque
1764 1720 2014 1804 urbeS‚
2068 1743 2252 1813 quae
2278 1721 2635 1794 Macedo-

390 1820 604 1890 nibus
635 1821 807 1890 sitae
836 1817 1109 1889 Graeca
1137 1821 1487 1890 vocabula
1514 1835 1897 1912 usurpant,
1943 1817 2361 1917 Halumque
2388 1840 2461 1898 et
2490 1821 2635 1896 An-

387 1922 710 1994 temitam
773 1914 1106 1991 Parthica
1164 1923 1430 2014 oppida
1501 1922 1767 2014 recepit
1781 1976 1802 2007 ‚
1877 1923 2314 2011 certantibus
2368 1929 2633 2017 gaudio

392 2023 522 2120 qui
546 2010 997 2094 Artabanum
1023 2018 1321 2117 Scythas
1362 2024 1551 2094 inter
1590 2022 1926 2095 eductum
1963 2026 2058 2095 ob
2098 2028 2476 2099 saevitiam
2515 2054 2633 2099 ex·-

392 2125 645 2196 secrati
686 2149 886 2196 come
914 2122 1262 2195 Tiridatis
1299 2125 1669 2216 ingenium
1688 2124 2061 2200 Romanas
2085 2152 2216 2219 per
2245 2125 2440 2201 artes
2476 2156 2635 2225 spe-

395 2228 676 2299 rabant.

351 2404 358 2417 ¹
533 2392 544 2405 s
599 2324 831 2402 XLII.
891 2325 1299 2399 Plurimum
1335 2327 1767 2399 adulationis
1803 2326 2258 2402 Seleucenses
2309 2286 2632 2422 induere,

397 2430 645 2502 civitas
676 2444 928 2524 potens
946 2485 967 2514 ‚
1018 2445 1213 2523 septa
1238 2432 1465 2502 muris
1491 2454 1721 2526 neque
1750 2433 1830 2500 in
1854 2434 2241 2506 barbarum
2274 2452 2631 2531 corrupta,

470 2675 607 2730 Car.
648 2675 737 2731 41.
791 2674 1094 2733 Clitarum.
1176 2678 1315 2734 cod.
1349 2677 1476 2732 MS.

331 2797 336 2806 ,
398 2754 517 2800 test.
556 2744 790 2799 Pichena
833 2746 1153 2810 Cieearum3
1201 2747 1324 2800 edd.
1365 2748 1477 2802 Be-

299 2849 302 2856 ,
399 2813 576 2868 roald.
605 2814 724 2869 Alc.
747 2813 994 2868 Rhenan.
1023 2813 1151 2870 Ald.
1193 2817 1475 2871 Citarum.

396 2881 510 2937 Sed
537 2901 569 2936 e
594 2883 718 2938 loco
750 2884 829 2947 12,
856 2883 941 2938 55.
1007 2885 1215 2955 Lipsius
1243 2885 1374 2940 vidit
1404 2887 1480 2939 le·

400 2953 638 3035 gendum
677 2972 790 3034 esse
822 2952 1130 3014 Clitarum,
1181 2955 1343 3025 idque
1381 2953 1476 3009 ille

399 3031 656 3076 restituit.

475 3090 806 3158 Camadoci.
873 3088 1012 3145 Edd.
1055 3090 1309 3146 Beroald.
1354 3091 1477 3148 Alc.

401 3157 648 3212 Rhenan.
698 3158 833 3213 Ald.
889 3159 1302 3227 Cappadociae,
1377 3160 1479 3214 hac

405 3226 783 3281 distinctione:
835 3228 1097 3283 Citarum
1140 3232 1302 3283 natio
1329 3229 1481 3297 Cap-

399 3295 702 3363 padociae,
738 3299 1018 3365 Archelao
1042 3301 1307 3351 subiecta.
1358 3299 1480 3352 Ete-

353 3409 356 3412 Ᾰ
403 3364 521 3418 nim
558 3365 682 3419 cod.
706 3363 830 3419 MS.
862 3367 920 3418 in
953 3368 1226 3420 vocabulo
1255 3368 1479 3435 Cappa-

345 3439 354 3460 '
404 3433 531 3485 doci
557 3450 719 3503 super
744 3432 921 3490 littera
947 3436 972 3485 i
991 3437 1234 3489 additum
1261 3438 1423 3493 habet
1449 3454 1481 3490 e

370 3505 376 3510 '
402 3520 435 3555 a
464 3501 762 3554 recentiore
800 3522 983 3556 manu.
1053 3505 1263 3576 Lipsius
1288 3526 1475 3560 emen-

408 3569 584 3624 ἀπίω
634 3570 961 3636 Cappadoci
991 3565 1286 3630 Archelao·
1370 3576 1480 3629 Pa-

403 3649 623 3692 ternum
650 3637 870 3694 huiusce
895 3642 1145 3698 Archelai
1166 3664 1401 3716 regnum
1427 3645 1486 3698 in

405 3706 747 3828 provinciam
774 3711 1056 3764 redactum
1086 3712 1287 3768 Noster
1312 3724 1478 3768 rettu-

431 3776 471 3827 it
496 3778 549 3836 2,
578 3778 664 3830 42.
736 3777 904 3833 Filius
940 3780 1202 3835 retinebat
1233 3802 1356 3837 oras
1387 3781 1482 3835 Ci-

408 3844 564 3898 liciae
617 3846 941 3907 maritimas,
1012 3868 1144 3920 quas
1187 3852 1484 3905 Archelaus

406 3925 560 4035 gates}
583 3928 863 3986 acceperat
884 3916 951 3971 ab
978 3917 1243 3989 Augusto.
1279 3919 1351 3980 cf.
1373 3919 1488 3974 Dio

477 4057 841 4124 locorumque
867 4058 1107 4123 ingenio·
1179 4056 1253 4113 cf.
1276 4066 1393 4111 not.
1422 4058 1490 4111 ad

410 4120 461 4184 3⁹
482 4123 877 4245 {chdonibus
944 4197 1104 4250 sitae.
1208 4194 1356 4259 Alii,
1427 4206 1489 4248 ut

409 4257 653 4312 Faernus
692 4272 743 4313 et
771 4261 1029 4316 VVolsnus
1071 4266 1162 4331 (ad
1192 4267 1243 4328 2,
1266 4265 1343 4332 7.)
1378 4282 1484 4319 vo-

412 4325 529 4381 lunt
561 4327 663 4399 legi
693 4351 731 4383 a
762 4332 1188 4393 Macedonibus,
1224 4333 1484 4406 quoniam

1558 2679 1611 2740 8,
1633 2679 1720 2733 28.
1761 2688 1841 2732 est
1872 2699 1912 2732 a
1946 2679 2253 2734 Macedone
2291 2680 2408 2736 Ph.
2446 2682 2630 2736 sitam.

1559 2748 1702 2812 Alii,
1765 2758 1827 2800 ut
1873 2746 2208 2810 Oberlinus‚
2292 2752 2634 2804 contendunt

1560 2817 1955 2871 Macedonibus
1998 2819 2175 2881 sitae,
2236 2819 2435 2873 eodem
2481 2838 2634 2874 sensu

1562 2885 1668 2940 dici
1684 2927 1700 2949 ,
1743 2896 1806 2939 ut
1828 2885 1898 2939 sit
1920 2905 1960 2937 a
1980 2887 2061 2939 M.
2083 2896 2430 2941 exstructae.
2502 2889 2634 2942 Pro-

1562 2964 1763 3010 vocant
1788 2954 1918 3018 ada,
1929 2955 1979 3007 7.
2007 2956 2391 3025 (Ῑιιοὼῒεωεη
2415 2955 2631 3010 faciunt.

1565 3024 1691 3077 vid.
1713 3022 1788 3077 ibi
1814 3033 1928 3076 not.
1953 3024 2347 3079 Macedonibus
2375 3027 2530 3084 sitae
2553 3026 2635 3079 hic

1564 3093 1745 3175 potius
1774 3092 2031 3146 dicuntur
2055 3095 2213 3146 urbes
2237 3112 2306 3146 eo
2334 3114 2530 3155 sensu,
2578 3103 2633 3147 ut

1564 3161 1735 3215 tutelli
1775 3172 1933 3214 antur
1959 3182 1989 3214 a
2014 3161 2413 3215 Macedonibus
2440 3163 2632 3217 habita·

1563 3241 1650 3285 tae
1689 3248 1750 3282 ve
1811 3228 2131 3300 simpliciter
2168 3231 2634 3286 urbes‘Macedo-

1520 3347 1525 3350 a
1565 3318 1735 3363 num3
1779 3318 1838 3350 ea
1867 3300 2010 3351 enim
2046 3309 2125 3352 est
2152 3299 2438 3354 notissima
2475 3300 2634 3357 dativi

1563 3366 1669 3436 vis,
1739 3366 1812 3420 cf.
1828 3365 1964 3420 nist.
1986 3370 2036 3425 4.
2057 3368 2142 3421 22.
2173 3370 2395 3420 vallum
2421 3374 2634 3423 duabus

1563 3436 1874 3502 legionibus
1897 3438 2091 3490 sicum.
2158 3436 2280 3490 Hoc
2303 3438 2531 3490 minime
2554 3459 2636 3491 ne·

1602 3516 1681 3564 at,
1718 3504 2049 3558 Macedonas
2069 3514 2125 3557 et
2146 3506 2290 3576 ipsos
2311 3505 2530 3559 illarum
2557 3528 2634 3560 ur·

1566 3526 1998 3629 fiiumnuctores
2034 3574 2228 3636 fuisse3
2274 3573 2505 3629 dictioni
2540 3595 2632 3629 au-

1568 3654 1680 3696 tem
1723 3641 1778 3695 id
1825 3661 1937 3694 non
1985 3641 2141 3695 inest.
2232 3637 2493 3698 Ceterum
2528 3645 2631 3700 vid.

1565 3723 1683 3767 not.
1709 3712 1776 3763 ad
1801 3709 2061 3763 German.
2090 3726 2140 3763 c.
2163 3710 2218 3766 8.

1616 3782 1773 3835 ΟΜ».
1795 3781 1895 3832 (ΕΞ.
1921 3780 1983 3831 in
2019 3781 2329 3833 barbarum
2360 3793 2627 3847 corrupta.

1567 3848 1761 3920 Neque
1790 3866 2001 3900 nomen
2035 3867 2214 3919 neque
2247 3867 2469 3903 morem
2513 3853 2630 3905 bar-

1571 3919 1764 3973 barum
1796 3936 1922 3970 cum
1945 3916 2196 3969 Ernestio
2223 3918 2511 3992 intelligam
2536 3921 2630 3974 sed

1575 3989 1883 4041 barbarum
1899 4024 1913 4044 ‚
1960 3983 2022 4039 τὸ
2054 3984 2356 4058 βάρβαρον.
2442 3988 2626 4060 Oppo-

1573 4057 1739 4110 situm
1768 4054 1987 4123 quidem
2013 4065 2123 4108 est:
2161 4059 2420 4109 conditor·
2444 4057 2625 4111 Seleu·

1574 4143 1699 4187 cos3
1730 4142 1920 4177 verum
1946 4126 2202 4176 conditor·
2222 4124 2281 4178 S.
2309 4125 2401 4179 hic
2423 4129 2626 4198 ponitur

1571 4192 1939 4263 metonymice
1976 4209 2078 4262 pro
2112 4194 2189 4263 eis
2218 4213 2356 4265 quae
2388 4194 2624 4249 condito·

1571 4262 1646 4316 ris
1669 4271 1812 4315 sunt.
1860 4261 2165 4329 Corrupto,
2195 4262 2622 4334 διαφθαρθεῖσα,

1571 4332 1660 4393 in,
1696 4332 1791 4390 εἰς.
1861 4328 1931 4383 Η.
1954 4349 2000 4385 e.
2027 4327 2381 4400 Seleucenses
2410 4352 2521 4389 uon
2545 4352 2622 4388 re-
