2794 5085
260 3445 267 3451 .
364 3396 488 3452 edd.
531 3394 621 3448 hic
655 3404 708 3446 et
738 3394 889 3457 1‚76.
960 3394 1105 3450 Dein
1144 3395 1439 3466 inrepserat

2177 292 2243 343 Α,
2258 289 2324 332 u,
2343 290 2448 334 ττι.

2177 345 2245 386 Δ.
2265 342 2326 387 c,
2376 348 2452 387 ει.

315 297 472 373 246
1132 292 1740 368 ANNALIUM

321 452 502 524 anni
542 450 894 545 principio
939 448 1283 520 Tiberius
1324 450 1529 543 quasi
1573 451 1964 521 firmandae
2021 444 2420 522 valetudini
2477 454 2569 523 in

324 553 790 647 Campaniam
835 552 1210 638 concessit,
1271 553 1561 641 longam
1600 567 1671 622 et
1714 552 2126 622 continuam
2164 557 2569 624 absentiam

324 657 673 751 paulatim
719 656 1105 739 meditans,
1170 655 1320 723 sive
1360 670 1445 725 ut
1479 669 1717 724 amoto
1754 669 1955 745 patre
1991 653 2272 727 Drusus
2308 659 2569 726 munia

327 759 733 828 consulatus
759 758 953 826 solus
990 756 1340 848 impleret.
1441 753 1551 826 Ac
1588 759 1772 825 forte
1812 781 2032 846 parva
2070 783 2184 826 res
2221 778 2569 847 maguum

328 862 421 930 ad
447 858 803 930 certamen
827 882 1194 948 progressa
1220 859 1549 949 praebuit
1574 858 1820 927 iuveni
1845 861 2216 928 materiem
2241 863 2574 951 apiscen-

329 962 405 1034 di
456 961 740 1033 favoris.
853 958 1213 1029 Domitius
1254 957 1574 1029 Corbulo
1628 977 1958 1051 praetura
2007 963 2293 1032 functus
2345 965 2439 1031 de
2479 962 2571 1035 L.

330 1063 534 1135 Sulla
559 1062 793 1131 nobili
821 1061 1076 1130 iuvene
1104 1075 1392 1154 questus
1421 1076 1526 1131 est
1554 1065 1746 1153 apud
1779 1078 2138 1148 senatum,
2188 1066 2386 1156 quod
2427 1064 2573 1132 sibi

335 1166 539 1234 inter.
565 1162 958 1256 spectacula
996 1163 1470 1252 gladiatorum
1513 1165 1671 1232 loco
1711 1182 1866 1249 non
1903 1166 2328 1238 decessisset.
2434 1190 2571 1256 pro

330 1265 744 1339 Corbulone
784 1278 1008 1349 aetas,
1067 1265 1339 1355 patrius
1389 1289 1580 1349 mOS,
1638 1266 1884 1335 studi'a‘
1917 1268 2276 1335 seniorum
2333 1280 2575 1335 erant-z
2619 1310 2634 1319 ·

333 1382 581 1438 contra
605 1366 1011 1437 Mamercus
1043 1365 1352 1436 Scaurus
1387 1380 1460 1436 et
1493 1365 1581 1437 L.
1611 1361 2001 1437 Arruntius
2036 1369 2300 1460 aliique
2325 1362 2578 1438 Sullae

332 1468 723 1564 propinqui
750 1469 1185 1540 nitebantur.
1286 1469 1789 1561 certabantque
1818 1471 2268 1539 orationibus
2306 1484 2379 1538 et
2416 1490 2580 1537 me-

334 1573 800 1642 morabantur
846 1570 1162 1660 exempla
1196 1570 1585 1653 maiorum,
1661 1572 1789 1662 qui
1843 1572 2234 1642 iuventutis
2289 1572 2579 1640 inreve-

336 1673 642 1745 rentiam
667 1671 998 1760 gravibus
1027 1672 1323 1739 decretis
1346 1672 1815 1756 notavissent,
1864 1674 2089 1742 donec
2101 1672 2382 1742 Drusus
2412 1689 2581 1763 apta

340 1773 814 1866 temperandis
856 1772 1113 1840 animis
1155 1773 1519 1842 disseruit:
1589 1788 1659 1843 et
1701 1776 2132 1844 satisfactum
2175 1772 2581 1844 Corbuloni

341 1902 469 1969 per
492 1874 976 1959 Mamercum,
1028 1873 1154 1966 qui
1195 1889 1491 1967 patruus
1517 1875 1736 1943 simul
1776 1900 1856 1945 ac
1900 1877 2194 1945 vitricus
2220 1876 2468 1945 sullae
2511 1890 2582 1944 et

340 1992 708 2048 oratorum
737 2001 816 2049 ea
844 1990 1067 2046 aetate
1094 1975 1500 2045 uberrimus
1545 1990 1718 2048 erat.
1822 1976 2023 2046 Idem
2041 1976 2396 2048 Corbulo*
2412 1978 2582 2068 plu-

338 2082 517 2151 rima
550 2105 679 2173 per
712 2077 989 2148 Italiam
1019 2078 1276 2148 itinera
1299 2080 1549 2146 fraude
1575 2079 1983 2170 mancipum
2015 2094 2085 2149 et
2126 2079 2405 2148 incuria
2423 2104 2582 2147 ma·-

344 2183 767 2273 gistratuum
805 2181 1203 2270 interrupta
1245 2195 1315 2250 et
1354 2180 1697 2270 impervia
1734 2182 2163 2251 clamitando
2191 2180 2584 2249 exsecutio-

346 2308 515 2355 nem
560 2283 711 2352 eius
752 2282 1020 2371 negotii
1068 2274 1302 2351 libens
1355 2281 1690 2372 suscepit:
1771 2284 1963 2375 quod
2021 2279 2218 2352 haud
2283 2283 2584 2373 perinde

345 2385 633 2479 publice
676 2384 855 2452 usui‘
883 2380 1210 2451 habitum
1257 2407 1474 2474 quam
1517 2383 1891 2452 exitiosum
1926 2386 2210 2468 multiS,
2275 2408 2586 2476 quorum

349 2488 428 2556 in
467 2485 840 2578 pecuniam
885 2498 1094 2577 atque
1134 2485 1399 2552 famam
1452 2485 2031 2556 damnationibus
2059 2482 2150 2556 'et
2189 2479 2393 2555 hasta
2436 2509 2588 2555 sae-

349 2589 609 2663 viebat.
784 2605 791 2612 “
2026 2598 2036 2607 ’
2546 2635 2554 2639 -

552 2685 861 2776 XXXII.
960 2686 1206 2781 Neque
1236 2689 1463 2759 multo
1499 2701 1656 2779 post
1692 2688 1925 2756 missis
1966 2689 2057 2756 ad
2101 2705 2428 2760 senatum
2469 2677 2591 2758 lit-L

305 2881 313 2891 l
351 2790 522 2860 teris
563 2788 901 2866 Tiberius
942 2803 1210 2859 motam
1251 2814 1539 2860 rursum
1577 2787 1899 2860 Africam
1934 2789 2228 2860 incursu
2265 2790 2589 2860 Tacfari.-

355 3062 478 3105 tura
512 3051 800 3107 recedebat
843 3049 1077 3105 multum
1126 3070 1157 3104 a
1192 3041 1434 3116 Tiberii3
1518 3050 1670 3105 Picb.
1697 3071 1814 3122 sqq.
1843 3060 1896 3103 et
1928 3070 2067 3121 quae
2094 3061 2217 3121 post
2241 3051 2350 3106 Iac.
2376 3048 2591 3105 Grono-

354 3122 568 3176 Drusus
619 3140 746 3174 vero
795 3131 847 3175 et
894 3121 1141 3173 Tiberius
1192 3120 1429 3175 invicem
1516 3122 1669 3175 vium
1695 3120 1964 3191 prodiere.

355 3190 664 3245 similiores.
737 3189 778 3244 Ι.
816 3191 910 3242 Fr.
950 3188 1268 3245 Gronovius
1308 3190 1431 3243 sru'-
1587 3207 1657 3239 ea
1693 3198 1899 3240 aetate.
1970 3188 2108 3240 Edd.
2140 3187 2390 3240 Beroald.
2422 3187 2591 3266 Rben.

358 3269 469 3313 stra
495 3258 710 3313 volebat
742 3261 1024 3311 connexis.
1520 3257 1646 3310 Ald.
1689 3256 1950 3309 omittunt
1987 3275 2084 3319 ea,
2134 3258 2282 3327 quod
2322 3256 2464 3309 bene
2500 3259 2592 3310 ad-

430 3327 747 3382 materiem.
800 3327 925 3381 'Sic
975 3326 1097 3378 cod.
1138 3327 1261 3380 MS.
1307 3336 1432 3380 vett.
1520 3324 1658 3379 didit
1707 3325 1992 3389 Ferretus,
2051 3337 2106 3377 et
2150 3345 2407 3395 recepere
2456 3327 2593 3398 Lips.

1524 3414 1644 3475 sqq.

366 3465 705 3525 materiam,
772 3463 851 3514 uti
899 3474 980 3517 est
1025 3464 1081 3515 in
1129 3463 1251 3516 edd.
1293 3465 1437 3534 Lips.
1594 3468 1747 3515 tdem
1788 3462 2076 3515 corbula-
2132 3461 2203 3514 cf.
2243 3453 2366 3514 Dio'
2392 3445 2478 3526 59,
2515 3464 2593 3516 15.
2689 3439 2699 3458 o

364 3532 521 3586 Picb.
563 3529 722 3584 Grut.
762 3549 881 3601 sqq.
915 3560 988 3571 —
1068 3532 1173 3585 lac.
1210 3530 1440 3588 Grono-

366 3602 482 3654 vius
519 3618 637 3669 sqq.
690 3600 974 3653 restituere
1018 3610 1258 3666 veterem
1299 3601 1441 3654 scri-—

366 3681 604 3743 pturam.

1528 3530 1620 3601 qui
1657 3529 1785 3584 huic
1824 3529 1948 3584 loco
1984 3530 2185 3584 claram
2222 3530 2474 3586 adfundit
2513 3533 2594 3585 lu-

1531 3619 1668 3652 cem.

1596 3668 2032 3721 exsecutionem.
2124 3666 2194 3721 H.
2237 3685 2284 3719 e.
2337 3668 2597 3721 ultionem

436 3742 559 3790 1000
588 3754 705 3788 non
738 3737 1074 3790 decessisset.
1146 3734 1284 3794 Nam
1322 3756 1444 3807 spe-

369 3807 576 3862 ctacula
613 3806 968 3875 gladiatorum
1013 3806 1075 3864 in,
1109 3805 1443 3876 amphithea-

370 3885 490 3935 tro.
552 3875 610 3929 in
662 3877 825 3946 septis
876 3884 928 3928 et
961 3874 1085 3927 alibi
1131 3873 1445 3933 edebantur,

372 3945 465 3997 ubi
497 3962 607 3996 uon
640 3953 700 3995 ut
736 3945 793 3997 in
821 3941 1028 3994 theatro
1066 3941 1311 4011 proprias
1344 3943 1446 3995 ba-

372 4013 532 4067 bebat
547 4020 775 4096 uterque
800 4011 938 4066 ordo
968 4010 1137 4064 sedes.
1208 4010 1293 4063 De
1321 4011 1447 4062 loco

374 4079 621 4134 editionis
646 4081 733 4135 bic
758 4080 953 4132 Noster
982 4089 1137 4131 tacet.

443 4150 857 4216 certabantque.
924 4147 1016 4201 Sic
1039 4147 1165 4200 cod.
1185 4147 1304 4200 MS.
1327 4148 1449 4201 edd.

377 4216 634 4272 Beroald.
679 4219 848 4286 Rben.
884 4214 1011 4269 Ald.
1059 4225 1113 4268 et
1146 4215 1255 4269 lac.
1296 4214 1447 4268 Gro-

330 4289 333 4294 ’
378 4305 510 4345 nov.
538 4291 830 4346 certabant
862 4284 978 4344 sine
1015 4301 1120 4352 que
1154 4284 1276 4341 edd.
1306 4284 1451 4355 Lips.

1528 3735 1737 3790 fraudis
1762 3746 1815 3787 et
1840 3733 2096 3794 incuriae,
2137 3754 2242 3805 qua
2267 3733 2461 3789 itinera
2485 3756 2597 3790 cor·

1530 3814 1688 3875 rupta
1722 3822 1835 3857 csse
1862 3803 2195 3868 dicebantur.

1599 3890 1841 3941 quorum
1885 3873 1944 3923 in
1978 3874 2296 3938 pecuniam.
2393 3872 2597 3942 Lipsius

1532 3942 1734 4010 cogitat
1780 3941 1846 3992 de
1895 3940 2293 4010 possessoribus
2346 3955 2599 4011 agrorum

1535 4010 1630 4063 viis
1679 4009 2008 4062 vicinorum.
2091 4011 2271 4062 Immo
2316 4009 2372 4059 in
2415 4027 2598 4061 eorum

1534 4077 1824 4149 pecuniam
1846 4078 2135 4140 saeviebat,
2171 4076 2262 4146 qui
2282 4076 2493 4129 viai-um
2516 4096 2600 4131 cu·

1535 4166 1660 4204 ram
1685 4147 1977 4199 habuerant
2002 4165 2067 4199 ac
2106 4144 2360 4217 pecunias
2394 4145 2452 4197 in
2491 4164 2599 4198 eam

1537 4234 1658 4267 rem
1708 4224 1952 4286 acceptas
2004 4233 2119 4267 non
2156 4213 2482 4268 videbantur
2516 4214 2596 4265 in-

1539 4282 1846 4354 sumpsisse.
1919 4277 2049 4339 vid.
2077 4281 2188 4339 Dio
2222 4282 2260 4335 l.
2292 4282 2356 4336 l..-
