2794 5085
2222 298 2286 342 A.
2312 297 2376 344 15.
2395 297 2489 341 77⁰.

2221 353 2293 399 A.
2319 350 2377 395 C.
2426 353 2494 399 17.·

377 269 523 392 170
1115 261 1118 262 ἢ
1173 295 1786 376 ANNALmM

367 457 546 526 triae
564 509 586 541 ,
648 453 1024 527 satellitem
1057 453 1415 542 Caesaris,
1486 451 1682 527 hand
1722 456 1964 526 minus
2004 457 2302 534 infensis
2344 460 2586 548 anirnis

363 558 891 634 exturbandum
955 582 1186 651 quam
1239 556 1517 630 Varum
1575 557 2015 647 Quintilium
2092 551 2586 656 interfecerint.

366 660 859 730 meminissent
910 661 1127 728 modo
1157 672 1264 730 tot
1315 659 1823 757 proeliorum,¹
1869 686 2178 754 quorum
2233 665 2488 758 eventu
2529 678 2590 733 et

297 817 301 824 .
366 764 460 831 ad
497 776 936 853 postremum
978 761 1215 840 eiectis
1253 759 1605 833 Romanis
1660 763 1827 832 satis
1885 763 2308 857 probatum,
2381 789 2588 860 penes

359 877 566 934 utros
593 887 869 932 summa
897 863 1073 932 belli
1098 862 1338 935 fuerit.

458 971 470 984 ⁸
563 978 824 1053 XLVL
924 979 1172 1075 Neque
1202 978 1698 1050 Maroboduus
1733 977 2064 1051 iactantia
2106 983 2219 1052 sui
2263 998 2386 1056 aut
2431 1001 2591 1076 pro-

321 1159 324 1162 ,
362 1082 516 1154 bris
569 1084 648 1158 in
714 1077 994 1153 hostem
1049 1081 1480 1154 abstinebat:
1555 1082 1678 1164 sed
1737 1079 2276 1172 Inguiomerum
2332 1099 2628 1169 tenens,·

364 1186 494 1255 illo
537 1186 616 1253 in
658 1182 954 1276 coi-pore
997 1184 1211 1253 decus
1252 1207 1465 1252 omne
1506 1177 2066 1271 Cheruscorum,
2123 1185 2326 1257 illius
2368 1186 2591 1256 consi-

361 1287 482 1356 liis
539 1300 727 1376 gesta
757 1309 961 1380 'quae
999 1309 1336 1377 prospere
1353 1271 1797 1370 'ceciderint,
1868 1288 2287 1364 testabatur:
2354 1313 2590 1359 vecor-

363 1390 529 1459 dem
556 1383 972 1458 Arminium
1000 1397 1071 1457 et
1097 1411 1338 1456 rerum
1365 1387 1685 1457 nescium
1722 1388 2028 1456 alienam
2057 1389 2367 1478 gloriam
2409 1390 2484 1458 in
2522 1413 2590 1460 se

360 1485 683 1575 trahere,
730 1491 1072 1583 quoniam
1103 1501 1244 1558 tres
1272 1512 1529 1558 vacuas
1564 1489 1879 1578 legiones
1921 1503 1989 1559 et
2026 1493 2289 1560 ducem
2330 1491 2596 1561 fraudis

361 1594 693 1683 ignarum
724 1591 1018 1683 perfidia
1048 1591 1401 1683 deceperit
1438 1611 1696 1680 magna
1738 1583 1902 1660 cuni
1946 1590 2611 1663 clade'Germaniae‘
2642 1667 2663 1684 ‚

363 1710 434 1764 et
475 1692 869 1783 ignominia
921 1716 1084 1778 sua,
1134 1717 1297 1761 cum
1336 1691 1682 1778 coniunx,
1748 1705 1915 1770 cum
1946 1693 2137 1764 filius
2181 1694 2337 1765 eius
2379 1693 2588 1765 servi-

358 1795 542 1868 tium
578 1790 810 1865 adhuc
851 1794 1176 1867 tolerent.
1276 1786 1377 1862 At
1422 1817 1495 1860 se
1535 1795 1915 1864 duodecim
1959 1796 2365 1886 legionibus
2416 1795 2587 1888 peti-

358 1912 518 1969 tum
564 1898 741 1967 duce
768 1895 1066 1969 Tiberio
1116 1894 1490 1966 inlibatam
1535 1893 2064 1966 Germanorum
2108 1899 2414 1988 gloriam
2451 1921 2584 1967 ser-

362 2000 656 2071 vavisse.
773 2023 956 2067 mox·
994 1996 1530 2066 conditionibus
1585 1997 1826 2090 aequis
1883 1998 2305 2088 discessum:
2369 2022 2582 2091 neque

359 2099 758 2195 poenitere,
808 2100 1002 2195 quod
1030 2100 1352 2191 ipsorum
1400 2097 1478 2168 in
1500 2123 1736 2194 ‘manu
1775 2101 1896 2184 sit,
1946 2101 2308 2191 integrum
2347 2104 2583 2173 adver-

360 2225 520 2275 sum
572 2200 943 2275 Romanos
999 2201 1274 2270 bellum
1328 2224 1424 2270 an
1487 2224 1734 2292 pacem
1805 2202 2256 2274 incruentam
2310 2203 2607 2274 ‘maline

359 2303 498 2375 His
583 2305 881 2374 vocibus
973 2303 1346 2372 instinctos
1441 2303 1786 2372 exercitus
1886 2305 2223 2396 propriae
2314 2326 2579 2400 quoque

360 2430 609 2477 causae
660 2405 1157 2489 stimulabant,
1235 2427 1399 2472 cum
1449 2428 1491 2473 a
1542 2399 1920 2475 Cheruscis
1967 2404 2581 2499 Langobardisque

265 2634 272 2647 ¹
358 2652 769 2705 Maroboduum
776 2622 919 2719 paee
932 2649 1271 2702 obstrictum.
1307 2646 1434 2700 Vel·

269 2774 272 2777 ,
357 2722 447 2776 lei.
468 2721 656 2780 2109.
684 2720 881 2786 legali,
916 2736 1053 2786 quos
1075 2719 1331 2769 mittebat
1346 2720 1438 2768 'ad

362 2791 670 2848 Caesares,
708 2788 995 2843 interdum
1030 2795 1093 2838 uc
1127 2787 1461 2853 supplicem,

359 2858 836 2913 commendabant
863 2866 970 2909 etc.

363 3032 392 3045 ,,
429 2976 568 3033 CAP·
584 2975 672 3032 46.
729 2992 939 3029 vacuas
961 2974 1226 3041 legiones.
1265 2973 1434 3044 Quod

358 3064 573 3102 vacuas
589 3047 850 3114 ‚legiones
889 3044 1311 3115 interpretantur
1350 3048 1434 3096 le·-

355 3122 548 3191 giones·
571 3117 696 3169 sine
728 3119 867 3167 duee
899 3112 989 3169 vel
1021 3115 1147 3165 sine
1165 3117 1308 3167 duce
1325 3132 1435 3183 pe-

358 3189 501 3250 rito,
535 3195 596 3238 ut
622 3182 941 3237 Gronovius
975 3191 1028 3236 et
1064 3202 1192 3236 cum
1226 3201 1292 3236 eo
1326 3180 1437 3243 alii,

355 3255 445 3309 vel
481 3251 584 3310 οὐκ
617 3253 880 3319 ἐντελεῖς,
930 3259 991 3303 ut
1017 3249 1437 3312 Freinshemius,

354 3342 563 3379 vanum
603 3331 696 3379 est.
764 3321 906 3374 Nam
941 3320 1055 3372 sine
1088 3319 1227 3373 duce
1263 3320 1437 3372 mini-

356 3412 448 3447 me
479 3390 665 3448 fuere,
709 3398 880 3460 utque
917 3386 1279 3458 intelligamus
1315 3388 1438 3441 sine

354 3466 495 3521 duee
528 3460 714 3526 perito
753 3458 844 3513 vel
891 3473 1011 3507 non
1055 3460 1280 3524 expleto
1322 3475 1435 3508 nu-

354 3547 547 3591 mero,
601 3545 718 3580 non
759 3525 944 3579 ferunt
979 3524 1162 3578 verba.
1249 3524 1433 3578 Voca-

352 3598 554 3654 bulum
589 3613 795 3648 vacuus
817 3595 1140 3665 plerumque
1169 3591 1434 3664 intelligi-

356 3677 449 3722 tur
476 3685 505 3718 e
532 3684 692 3724 casu,
727 3664 821 3734 qui
861 3662 1079 3714 additur
1114 3662 1181 3714 ad
1213 3681 1435 3715 sensum

356 3734 682 3807 explendum
697 3772 716 3797 ,
756 3742 816 3784 ut
835 3726 1048 3782 bamus
1076 3740 1230 3782 metu
1266 3750 1315 3784 c.
1341 3728 1435 3782 44:

353 3820 570 3857 vacuus
592 3823 634 3855 a
651 3802 907 3871 periculo
936 3798 1074 3851 Hisi.
1102 3801 1149 3862 1,
1176 3800 1258 3853 86.
1323 3817 1434 3851 va-

356 3891 523 3941 cuum
558 3873 706 3924 euris
746 3869 886 3923 Hist.
914 3868 968 3931 2,
992 3868 1078 3922 90.
1149 3867 1305 3921 Nude
1345 3877 1432 3925 ta,-

321 3990 332 3999 .
357 3960 485 3995 men
511 3940 762 4011 ponitur,
796 3937 887 3991 ubi
919 3956 1055 4007 quae
1088 3935 1433 4005 intelligenda

356 4009 495 4069 sint,
543 4014 823 4062 contextus
847 4006 1046 4058 docet.
1115 4005 1210 4058 Sic
1244 4008 1353 4057 An.
1380 4006 1434 4067 6,

357 4078 448 4132 34.
490 4078 660 4130 vacui
696 4076 888 4129 Colchi
924 4073 978 4127 h.
1022 4093 1071 4126 e.
1108 4073 1200 4144 qui
1246 4092 1433 4143 regem

357 4158 472 4201 non
501 4144 728 4207 habent;
782 4145 861 4203 12,
889 4143 974 4196 50.
1011 4161 1187 4195 vacua
1221 4146 1432 4195 Arme-

358 4218 491 4279 ηία,
535 4213 588 4274 2,
611 4215 698 4266 76.
745 4232 926 4265 vacua
956 4211 1248 4278 provincia
1285 4210 1336 4262 h.
1380 4231 1431 4264 e.

281 4288 284 4293 ’
359 4302 497 4355 quae
518 4281 763 4354 praeside
791 4290 963 4345 (κτείς
1003 4280 1083 4342 18,
1106 4279 1192 4332 44.
1224 4280 1433 4336 mulier

1518 2666 1723 2727 uacuo,
1761 2668 1899 2722 quae
1930 2659 2009 2704 est
2042 2649 2159 2705 sine
2196 2651 2413 2705 marito.
2480 2649 2578 2701 lam

1520 2716 1759 2789 legiones
1785 2719 1852 2771 ad
1877 2719 2081 2773 bellum
2109 2733 2398 2792 parantur,
2430 2734 2578 2789 quare

1521 2805 1718 2841 vacuae
1746 2787 1851 2840 dici
1877 2796 2134 2859 possunt,
2167 2808 2308 2862 quae
2333 2787 2471 2842 bello
2495 2803 2573 2838 ca-

1519 2866 1703 2909 rentes
1740 2856 1798 2907 in
1832 2872 1967 2937 ‘pace
2003 2868 2324 2918 versantur,
2372 2855 2577 2914 otiosae,

1519 2944 1654 2997 paee
1682 2924 1986 2978 incuriosae
2013 2926 2145 2992 (An.
2174 2926 2228 2989 4,
2253 2926 2362 2995 45.)
2379 2966 2394 2990 ,
2435 2922 2573 2976 ideo-

1560 3012 1630 3045 ne
1662 3012 1776 3044 non
1808 3004 2019 3062 paratae
2048 2994 2114 3047 ad
2139 2995 2431 3065 proelium.
2495 2988 2575 3042 Sic
2625 3046 2633 3064 x

1564 3061 1710 3133 grie.
1763 3080 1814 3114 c.
1849 3060 1937 3115 37.

1519 3218 1699 3271 neque
1727 3199 1793 3252 ad
1823 3199 2093 3270 proelium
2120 3194 2311 3271 parati.
2380 3199 2505 3251 Hist.
2529 3195 2579 3253 4:

1522 3267 1606 3321 17.
1636 3268 1802 3319 vacui
1818 3267 2011 3320 eodem
2042 3287 2204 3322 sensu
2241 3273 2572 3341 opponuntur

1520 3337 1831 3399 occultatis:
1885 3336 2026 3390 Hist.
2061 3339 2106 3396 1,
2132 3338 2218 3390 80.
2247 3353 2449 3390 vacuus
2470 3332 2504 3383 ἱ.
2524 3346 2569 3400 φ

1521 3403 1749 3458 otiosus.
1836 3404 2053 3459 Sallust.
2094 3404 2213 3459 Cat.
2263 3426 2312 3461 c.
2355 3406 2437 3457 52.
2475 3418 2572 3453 va-

1521 3491 1687 3524 cuom
1737 3490 1860 3526 rem
1901 3475 2191 3540 publicam
2238 3474 2394 3534 dicit,
2449 3485 2569 3540 quie

1521 3560 1636 3596 non
1671 3541 1934 3596 instructa
1969 3552 2046 3595 est
2075 3542 2143 3595 ad
2167 3540 2566 3605 defendendum.

1524 3608 1687 3667 Ovid.
1719 3610 1860 3665 Met.
1900 3612 2099 3674 1,,520.
2136 3612 2200 3661 in
2237 3629 2410 3665 vacuo
2444 3619 2567 3675 quae

1518 3682 1763 3732 vulnera
1791 3689 2016 3741 pectore
2034 3680 2195 3748 fecit.
2266 3679 2472 3733 vacuae
2496 3671 2563 3725 le-

1519 3749 1706 3820 giones
1732 3747 1895 3819 igitur
1917 3757 2046 3805 sunt
2074 3751 2442 3814 ungerustete.

1585 3867 1837 3920 coniunx
1867 3901 1940 3913 --
1957 3865 2138 3952 filius..
2206 3867 2280 3923 cs.
2311 3868 2356 3926 1,
2382 3859 2558 3982 52¹5&

1519 3933 1834 4060 aaa&
1859 3939 2242 4061 “mfiffm
2248 3933 2432 4075 15323‘3‘
2490 3946 2561 3982 ²⁶·

1585 4147 1888 4195 adversum
1926 4144 2240 4197 Romanos.
2328 4139 2417 4193 Sic
2449 4133 2556 4190 cod.

1516 4210 1642 4265 MS.
1690 4211 1812 4265 edd.
1869 4212 2221 4267 recentiores.
2312 4212 2560 4264 adversus

1517 4282 1813 4335 Romanos
1837 4279 1959 4334 edd.
1988 4281 2116 4334 Ber.
2143 4280 2312 4335 Rhen.
2336 4295 2444 4350 sqq.

2030 3062 2283 3118 Britanni
2341 3064 2575 3137 dicuntur
2656 3120 2661 3134 .

1506 3131 1708 3193 vacui,
1766 3131 1861 3199 qui
1900 3140 2028 3184 sunt
2077 3130 2272 3194 otiosi,
2332 3128 2573 3184 incuriosi
