2794 5085
426 317 577 388 226
1187 360 1193 366 -
1241 310 1889 390 ANNALIUM

425 498 584 545 rem
619 456 913 541 infitiari
951 459 1257 561 poterat:
1308 471 1543 541 solum
1578 473 1839 542 veneni
1881 474 2151 550 crimen
2182 478 2379 549 fisus
2419 496 2541 552 est*
2559 482 2668 552 di-

427 576 661 647 luisse.
762 572 959 665 quod
990 596 1081 642 ne
1121 579 1554 643 accusatores
1594 576 1886 667 quidem
1916 580 2086 647 satis
2125 581 2546 669 firmabant,
2594 584 2671 653 in

399 669 754 751 ,con'vivio
796 670 1243 759 Germanici,
1294 700 1459 747 cum
1499 700 1710 768 super
1754 703 1918 747 eum
1961 679 2125 753 Piso
2170 685 2670 772 discumberet,

426 784 722 852 infectos
765 776 1095 846 manibus
1138 776 1288 846 eius
1347 778 1545 848 cibos
1598 796 1990 869 arguentes,
2094 787 2365 930 qujppe
2389 829 2395 832 .
2421 789 2670 858 absur-

426 887 602 956 dum
650 880 1028 952 videbatur
1077 878 1264 949 inter
1314 870 1548 950 aliena
1597 883 1885 953 servitia
1938 899 2007 955 et
2057 901 2163 972 tot
2189 937 2198 962 ‚-
2228 891 2668 960 adstantium

426 987 584 1057 visu
636 983 791 1077 ipso
853 979 1278 1051 Germanico
1351 1008 1589 1054 coram
1645 985 1719 1054 id
1777 1009 2061 1068 ausum.
2136 967 2669 1085 ‘bfferebatque

420 1087 767 1166 familiam
802 1108 964 1154 reus
1008 1098 1076 1154 et
1117 1084 1484 1154 ministros
1526 1086 1606 1153 in
1642 1100 1992 1160 tormenta
2033 1092 2425 1182 flagitabat.
2532 1094 2667 1164 Sed
2706 1161 2721 1177 ,

423 1191 690 1263 iudices
719 1211 848 1288 per
876 1186 1152 1256 diversa
1178 1187 1660 1282 implacabiles
1690 1202 1921 1261 era‘nt:
1973 1190 2232 1263 Caesar
2266 1198 2367 1265 ob
2398 1195 2669 1265 bellum

423 1292 827 1388 provinciae
858 1288 1162 1358 inlatum
1173 1343 1217 1410 ὅ
1237 1294 1534 1359 'senatus
1578 1314 1948 1384 nunquam
1989 1298 2155 1366 satis
2191 1299 2475 1367 credito
2522 1297 2668 1366 sine

421 1396 672 1469 fraud-e
717 1392 1228 1463 Germanicum
1286 1392 1656 1466 interiisse.
1777 1385 2273 1488 *scripsissent
2333 1413 2668 1492 expostu-

422 1501 679 1570 lantes:
723 1495 939 1590 -quod
976 1485 1169 1563 haud
1211 1493 1452 1564 minus
1478 1493 1814 1599 Tiberius
1860 1507 2075 1592 quam
2111 1498 2277 1598 Piso
2326 1503 2665 1573 abnuere.

2288 321 2356 370 A.
2372 323 2441 369 15.
2467 325 2564 374 ¹17³.

2285 379 2354 420 Α.
2379 375 2440 425 G.
2488 379 2568 426 20.

491 1783 573 1830 tot
616 1770 974 1828 adstantium
1022 1767 1167 1824 visu.
1197 1762 1215 1772 ‘
1256 1767 1329 1822 cf.
1370 1777 1489 1822 not.

421 1847 487 1904 ad
528 1847 589 1908 2,
628 1841 715 1895 44.
757 1840 855 1893 sub
894 1837 1017 1892 voc.
1053 1840 1314 1890 discessu.
1391 1837 1486 1889 Pi-

420 1911 590 1972 che'na
634 1922 686 1965 et
719 1908 968 1962 Heinsius
1004 1906 1272 1959 malebant
1316 1908 1490 1972 visus,

420 1982 572 2059 quod
592 1978 765 2036 Taciti
787 1976 972 2030 stilum
992 1993 1107 2027 non
1131 1976 1357 2030 redolet.

431 2075 436 2080 ·
486 2044 795 2105 ministros.
881 2064 959 2097 sc·
1001 2035 1342 2105 Germanici,
1394 2045 1488 2117 qui

419 2126 477 2179 in
501 2119 612 2174 illo*
629 2115 874 2172 convivio
900 2111 1350 2180 ministraverant.
1416 2161 1427 2174 ,

484 2193 519 2230 '⁸‘
533 2188 886 2253 scripsissent
908 2186 1349 2247 expostulantes,
1396 2182 1491 2235 Sic

418 2259 544 2317 cod.
569 2255 691 2311 MS.
733 2263 784 2306 et
826 2251 948 2305 edd.
975 2261 1111 2307 vett.
1148 2250 1289 2303 haud
1326 2249 1490 2303 dubia

416 2332 609 2386 lacuna
650 2333 771 2378 ante
812 2320 1189 2387 scripsissent,
1245 2320 1331 2371 cui
1370 2338 1489 2372 non

417 2394 719 2454 medeberis
754 2408 967 2461 quacun
1014 2408 1078 2441 ue
1115 2387 1382 2441 medicina
1431 2407 1490 2440 ex

418 2464 638 2538 ingenio
691 2460 880 2513 adlata.
1039 2467 1153 2509 etus
1185 2455 1489 2525 'scriptura‚

335 2562 352 2579 κ
415 2525 917 2610 quomodocunque
964 2533 1311 2598 torqueatur,
1361 2524 1490 2578 ido-

414 2622 575 2661 neam
641 2597 957 2652 sententiam
1008 2615 1122 2648 non
1166 2593 1374 2657 fundit,
1429 2604 1490 2648 ut

455 2672 671 2732 rodeat,
706 2666 855 2736 quod
880 2662 1127 2717 Tiberius
1165 2663 1325 2716 simul
1360 2683 1488 2726 cum

411 2696 614 2803 gisone
657 2737 892 2801 abnuere
944 2731 1199 2805 potuerit.
1237 2786 1240 2799 ,
1299 2732 1487 2812 Neque

413 2812 596 2868 tam'en
633 2806 691 2859 in
732 2801 1025 2874 conspicua
1058 2812 1227 2854 textus
1263 2803 1485 2853 mutila-

301 2914 312 2922 ·
412 2882 563 2936 tione
587 2868 903 2932 defuerunt,
936 2870 1029 2942 qui
1056 2880 1149 2922 aut
1175 2871 1371 2929 verba,
1408 2869 1488 2921 uti

414 2957 555 3012 sunt,
588 2941 915 3017 explicanda,
949 2951 1039 2992 aut
1068 2940 1488 3010 transpositione

413 3021 473 3073 in
498 3030 681 3088 aptum
708 3029 928 3065 sensum
954 3008 1362 3070 concinnanda,‘
1394 3016 1488 3060 aut

414 3086 593 3142 addita
620 3081 936 3137 velmutata
959 3096 1067 3131 una
1094 3075 1321 3130 alterave
1352 3094 1486 3129 voce

414 3152 650 3212 sananda
700 3148 801 3203 sibi
852 3155 1146 3203 sumerent.
1241 3144 1485 3197 Pretium

414 3236 524 3287 est,
554 3219 681 3294 quid
709 3216 979 3271 effecerint
994 3231 1020 3278 ,'
1036 3232 1281 3267 noscere.
1338 3213 1485 3265 Rbe-

406 3311 589 3349 nanus
613 3287 863 3359 explicatt
897 3323 930 3347 „
946 3285 1218 3337 obiectum
1242 3301 1271 3334 a
1296 3292 1486 3334 senatu

410 3361 631 3421 Pisoni,
703 3356 812 3408 uod
853 3353 983 3424 ipsi,
1019 3369 1215 3422 nempe
1250 3349 1484 3403 Germa·-

412 3430 567 3488 nicus
591 3437 644 3480 et
716 3425 796 3476 iso
834 3441 932 3493 per
953 3421 1151 3474 litteras
1178 3418 1484 3492 expostula-

414 3501 611 3553 vissent
651 3495 716 3547 de
750 3508 955 3544 veneno
985 3488 1226 3560 praebito
1251 3497 1345 3540 aut
1370 3506 1484 3539 non

411 3562 725 3643 praehit0.”
813 3558 970 3628 Quae
1006 3559 1051 3610 si
1085 3556 1203 3628 quis
1242 3557 1485 3609 dicturus

414 3646 534 3700 est‚'
596 3651 709 3686 nou
772 3626 1069 3684 enuntiabit
1133 3644 1231 3697 per
1292 3624 1484 3705 verba:

411 3701 763 3773 scri'psiss'ent
787 3698 1229 3765 expostulantes.
1287 3692 1484 3746 Omm-

410 3796 486 3833 no
513 3773 590 3826 nil
613 3767 848 3841 ineptius
874 3775 977 3827 est,
1015 3782 1175 3834 quarn
1205 3780 1483 3815 commen-

379 3892 386 3897 ,
409 3858 463 3900 ta
486 3841 727 3902 illorum,
801 3835 854 3888 ui
881 3833 1120 3905 cogitant
1139 3832 1209 3884 de
1238 3841 1482 3900 expostu-

409 3914 609 3969 latione
686 3928 743 3961 er
803 3905 981 3975 ittet-as
1015 3903 1154 3954 inter
1188 3898 1481 3953 Germani-

410 4002 537 4039 cum
562 3988 633 4034 et·
694 3978 898 4030 isonem
921 3971 1079 4025 facta.
1149 3970 1396 4022 Muretus
1425 3979 1481 4022 et

406 4051 619 4124 Lipsius
654 4051 874 4099 censent
885 4078 901 4101 ‚
935 4040 1112 4092 verba.
1124 4039 1478 4117 scripsissent

404 4118 835 4188 expostulantes
875 4107 1101 4164 delenda
1131 4125 1273 4182 esse,
1309 4114 1363 4157 et
1390 4106 1480 4160 luc

405 4189 627 4261 quidem
668 4184 843 4243 alieno
884 4180 1008 4232 loco
1049 4195 1111 4229 ea
1144 4175 1343 4229 inserta
1379 4191 1475 4226 su-

355 4242 360 4253 ·
402 4258 669 4332 spicatum
702 4270 814 4323 quo
840 4247 1093 4306 remittat,
1124 4243 1310 4298 nescit.
1361 4240 1476 4294 Sed

400 4333 623 4384 manent
657 4318 950 4376 molestiae.
1022 4313 1163 4370 Nam
1183 4311 1476 4385 quomodo

1533 2766 1537 2771 -
1578 2732 1744 2812 Quod
1760 2735 1921 2784 houd
1945 2746 2047 2789 etc.

1533 2884 1543 2907 s
1572 2867 1776 2932 solent,
1820 2871 1912 2939 qui

1576 1767 1826 1822 Tiberius
1866 1769 2043 1838 potuit
2080 1772 2321 1828 abnuere
2364 1774 2659 1829 Germani·

1578 1839 1718 1892 curn-
1738 1857 1834 1909 per
1859 1838 2103 1893 fraudem
2128 1842 2403 1914 interiisse
2419 1846 2449 1898 ἲ
2508 1843 2659 1895 Mer-

1575 1926 1732 1962 cerus
1787 1908 2070 1963 emendat:
2143 1916 2426 1965 submisse
2486 1913 2573 1980 (h.
2613 1932 2658 1965 e·
2694 1965 2701 1970 ,

1575 1986 1788 2028 secreto
1837 1982 2153 2047 murmure)
2207 1978 2686 2049 expostulantes„

1575 2047 1721 2112 quod
1751 2054 1852 2097 etc:
1926 2044 1975 2096 Is
2012 2046 2152 2099 haud
2195 2050 2363 2103 dubie
2401 2070 2524 2105 rem
2560 2067 2654 2101 acu

1575 2111 1768 2182 tetigit.
1839 2111 2058 2168 Scilicet
2093 2116 2362 2173 submisse
2405 2128 2653 2190 expostu-

1576 2180 1782 2234 larunt:
1825 2182 1959 2234 nihil
1995 2185 2192 2237 certius
2229 2186 2656 2253 (Sic-Rnurrten

1575 2252 1889 2319 dat-ubero:
1960 2252 2143 2305 Miror
2174 2254 2218 2306 R
2245 2255 2391 2310 ‘ckio
2434 2256 2651 2327 ineptias

1574 2318 1809 2371 Merceri
1850 2320 2127 2389 placuisse.
2199 2274 2481 2379 ἐειὲτιιιιεε
2519 2325 2650 2377 εονίὲ

1567 2389 1810 2453 psissent
1823 2405 1843 2440 .·
1857 2391 2146 2442 instabant
2161 2406 2530 2447 accusatores
2544 2402 2648 2446 sta·

1574 2455 1679 2507 tim
1720 2458 1888 2509 scribi
1917 2461 2237 2512 sententias
2269 2464 2649 2531 expostulem·-
2710 2511 2721 2517 f

1571 2532 1674 2578 teS.
1714 2556 1722 2563 »
1752 2524 1909 2593 Quae
1949 2529 2228 2599 quomodo
2257 2530 2315 2584 in
2342 2535 2647 2587 contextum

1615 2592 1870 2655 uadrent,
1898 2615 2009 2649 nou
2035 2598 2207 2651 video.
2278 2600 2645 2653 Boxhorniusz

1620 2681 1690 2715 ur
1754 2664 2128 2732 interfecisset
2194 2673 2642 2733 expostulantes.

2115 2736 2546 2805 Quaestiuncula
2572 2755 2642 2789 sa-

1572 2811 1638 2854 tis
1678 2800 1880 2871 lepida!
1943 2804 2030 2854 cui
2080 2806 2370 2876 colaphum
2423 2807 2639 2888 miscere

1571 2937 1735 3009 dibile
1769 2948 1849 2990 est
1882 2876 2641 3012 tassrolffiguptumffgffigrz

1573 3005 1826 3059 Pisonem
1854 3008 2118 3063 abnuisse.
2182 3010 2453 3068 Hillerus:
2490 3011 2636 3083 Quae

1570 3072 1849 3128 Tiberiusss
1873 3087 1925 3128 et
1963 3077 2099 3130 Piso
2137 3084 2499 3148 scripsissent
2537 3095 2636 3131 ex—

1561 3146 1943 3211 postulantes.
1978 3148 2283 3217 jAudacior
2305 3170 2452 3215 sane,
2469 3151 2633 3220 =qu³¹¹5

1569 3230 1671 3282 pro
1705 3211 1808 3266 isto
1844 3223 2091 3284 tempore
2117 3228 2170 3270 et
2199 3218 2354 3281 loco,
2392 3227 2631 3290 expostu—
2692 3242 2699 3247 ·

1567 3280 1714 3333 latio.
1784 3281 2088 3336 Broterius=
2130 3295 2354 3354 etquae
2379 3286 2628 3354 scripsis-

1569 3357 1695 3401 sent
1714 3355 2155 3417 expostulantes.
2226 3355 2496 3411 Oberlino
2512 3355 2630 3406 haec
2716 3386 2719 3387 ν

1569 3418 1870 3488 placebant.
1941 3421 2140 3476 Manca
2170 3433 2352 3478 tamen
2392 3436 2445 3480 et
2479 3420 2624 3477 nimis

1570 3486 1802 3559 abrupte
1880 3491 2323 3561 praecedentibus
2403 3490 2626 3562 adposita

1570 3573 1682 3607 esse
1725 3556 1997 3611 videntur.
2093 3560 2194 3614 Vir
2249 3562 2444 3616 doctus
2491 3559 2621 3628 Gry-

1568 3622 1803 3692 phiensis
1840 3625 1900 3678 L.
1942 3627 1983 3681 1.
2006 3627 2139 3681 ‘W.
2178 3631 2234 3682 in
2271 3631 2458 3686 libello
2489 3628 2621 3698 Gry·
2706 3642 2711 3659 ¹

1567 3692 1723 3762 phiae
1750 3692 1894 3748 edito
1926 3697 2058 3748 1817
2087 3698 2259 3752 dedit:
2313 3700 2479 3770 Quod
2497 3695 2621 3750 scri·

1561 3762 1814 3828 psissent
1845 3768 2308 3833 expostulantes,
2347 3770 2500 3822 haud
2518 3765 2618 3816 νηί·

1564 3846 1678 3882 nus
1715 3831 1778 3885 T.
1826 3850 1998 3900 quam
2034 3835 2094 3886 P.
2145 3839 2413 3893 abnue‘re.
2492 3834 2616 3888 Ger-

1564 3899 1775 3952 manice
1802 3901 2054 3971 expiicat:
2088 3905 2244 3974 Dass
2269 3909 2526 3974 u'brigem
2546 3900 2619 3955 sit

1562 3965 1843 4035 (German.
1884 3979 1953 4021 et·
1975 3970 2123 4040 Piso)
2182 3976 2306 4026 sich
2367 3974 2616 4029 einander

1562 4036 1868 4106 schriftlich
1895 4036 2171 4110 beissende
2202 4043 2501 4113 Vorwitrfe
2525 4054 2616 4108 38·-
2658 4040 2665 4053 ’

1563 4107 1751 4157 macht
1782 4109 1973 4158 'haben
2006 4113 2248 4165 sollten:
2305 4114 2430 4166 dies
2460 4114 2611 4172 leug-

1559 4183 1692 4226 nete
1719 4175 1878 4227 nicht
1897 4193 2008 4228 nur
2021 4178 2170 4242 Piso,
2195 4185 2445 4234 sondern
2458 4177 2611 4232 seth-st

1561 4242 1838 4296 Tiberius.
1909 4242 2067 4313 Quae
2106 4249 2414 4304 emendatio
2449 4261 2606 4320 quan-

1561 4329 1722 4382 quam
1750 4312 1922 4385 plenis
1949 4316 2145 4372 buccis
2164 4315 2343 4372 efflata
2366 4336 2473 4372 uns
2496 4328 2625 4370 cum.
