2794 5085
2277 357 2429 403 A.'U.
2449 358 2557 404 78⁵.

2277 413 2342 455 A.
2363 411 2422 456 C.
2475 413 2556 454 32.

417 371 566 441 388
1143 342 1148 349 “
1214 362 1837 438 ANNALIUM
1892 456 1896 461 ,

420 525 721 596 Seianus
752 520 1083 592 Curtium
1123 518 1445 589 Atticum
1487 504 1946 611 oppresserat.
2052 530 2192 611 quo
2237 520 2495 589 laetius
2542 545 2664 589 ac-
2760 518 2761 525 '

422 642 702 719 ceptum
729 648 854 693 sua
884 622 1201 714 exempla
1227 622 1305 690 in
1333 622 1772 690 consultores
1801 610 2151 723 recidisse.
2760 612 2761 615 Ἴ

625 726 764 795 Per
797 727 986 793 idem
1020 737 1296 814 tempus
1318 721 1403 795 L.
1431 721 1597 791 Piso
1632 725 1983 831 pontifex,
2045 747 2290 795 rarum
2332 723 2415 791 in
2457 736 2663 792 tanta

423 829 877 911 claritudine,
925 828 1068 895 fato
1103 826 1317 910 obiit,
1374 825 1647 894 nullius
1678 826 1951 898 servilis
1987 825 2371 894 sententiae
2401 839 2663 916 sponte
2742 854 2746 867 ’

424 944 700 1012 auctor,
764 943 834 997 et
876 927 1202 1020 quotiens
1240 926 1616 997 necessitas
1655 927 2049 1016 ingrueret,
2098 928 2455 1017 sapienter
2494 951 2679 996 mo·-

423 1035 699 1105 deranS.
798 1028 1084 1099 Patrem
1115 1030 1182 1097 ei
1207 1029 1608 1097 censorium
1633 1029 1848 1098 fuisse
1873 1029 2294 1097 memoravi:
2325 1042 2542 1115 faetas
2571 1030 2663 1098 ad

425 1132 930 1222 octogesimum
1000 1154 1271 1201 annum
1333 1131 1704 1220 processit:
1805 1131 2018 1205 decus
2075 1125 2515 1220 triumphale
2585 1131 2662 1197 in

426 1230 736 1303 Thracia
777 1246 1154 1315 meruerat.
1258 1232 1379 1301 sed
1427 1232 1806 1322 praecipua
1836 1256 1942 1300 >ex
1994 1256 2073 1300 eo
2130 1233 2390 1320 gloria,
2460 1233 2662 1324 quod

422 1338 811 1428 praefectus
851 1335 1019 1404 urbi
1062 1356 1305 1402 recens
1347 1329 1762 1403 continuam
1789 1345 2202 1427 potestatem
2237 1347 2306 1404 et
2332 1334 2661 1402 insolen-

423 1438 524 1508 tia
557 1436 856 1529 parendi
883 1436 1280 1526 graviorem
1308 1435 1486 1503 mire
1519 1437 1956 1525 temperavit.

627 1568 756 1641 XI.
801 1568 1126 1662 Namque
1164 1581 1368 1637 antea
1410 1567 1740 1659 profectis
1782 1571 1995 1667 domo
2037 1568 2321 1657 regibus
2365 1593 2448 1637 ac
2492 1593 2662 1637 mox

426 1671 983 1763 magistratibus,
1062 1693 1153 1738 ne
1197 1671 1370 1739 urbs
1415 1669 1567 1760 sine
1611 1670 1913 1764 imperio
1957 1671 2174 1755 foret,
2252 1671 2333 1739 in
2375 1680 2661 1763 tempus

425 1938 706 1990 individui.
829 1935 977 1988 Bene
1050 1934 1130 1988 sic
1200 1932 1493 1987 Bekkerus.

424 2007 602 2076 Vulgo
641 2016 761 2058 ante
785 2002 1050 2058 Rhodum
1089 1996 1349 2075 omittunt
1379 2003 1495 2060 vir-

425 2077 607 2146 gulam
626 2112 642 2133 ‚
677 2084 893 2144 ponunt
919 2083 1039 2143 post
1060 2074 1252 2125 seculi.

498 2144 754 2195 Curtium
780 2142 1047 2193 Atticum.
1118 2139 1189 2192 ef.
1213 2137 1264 2202 4,
1290 2139 1376 2207 58.
1436 2186 1454 2201 ,

495 2213 558 2265 L.
600 2212 731 2277 Piso
775 2210 1053 2277 pontifex.
1136 2206 1247 2261 Dio
1289 2208 1372 2269 58,
1410 2209 1495 2261 19.

424 2277 526 2336 τόν
560 2298 614 2332 τε
639 2283 898 2332 Πείσωνα
939 2276 1039 2332 τὸν
1068 2279 1376 2346 πολίαρχον
1408 2294 1501 2329 τε·-

425 2345 761 2407 λευτῆσαντα
786 2349 1029 2420 δημοσίᾳ
1052 2349 1204 2419 ταφῇ
1228 2347 1503 2416 ἐτίμησεν.

425 2421 570 2473 Hinc
599 2417 812 2488 Lipsius
849 2416 1154 2487 suspicatur
1192 2417 1299 2466 hoc
1336 2417 1500 2467 etiam

424 2493 483 2542 iu
535 2488 659 2548 ioco
707 2505 805 2557 pro
842 2485 1110 2554 pontifex
1149 2483 1497 2535 scribendum
1552 2504 1555 2507 ’

427 2576 539 2610 esse
567 2576 627 2622 p.
670 2574 751 2616 u.‚
797 2565 857 2605 ut
896 2554 962 2605 sit
998 2554 1317 2619 praefectus
1353 2553 1498 2604 urbi.

427 2625 533 2678 Sed
560 2643 731 2690 quum
762 2621 954 2674 deinde
980 2621 1176 2673 Noster
1197 2617 1368 2672 fusius
1411 2620 1497 2673 di·-

428 2701 514 2746 cat
554 2693 634 2743 de,
659 2689 869 2742 Pisonis
911 2687 1269 2770 praefectura,
1328 2689 1499 2740 inuti-

427 2761 531 2813 lius
556 2758 722 2811 videri
753 2767 952 2828 poterit
979 2755 1198 2809 titulum
1224 2754 1375 2808 illum
1403 2775 1502 2807 no·

426 2827 564 2882 mini
605 2826 744 2885 addi.
818 2825 1146 2894 Quanquam
1185 2824 1253 2878 de
1289 2824 1504 2877 Pisonis

467 2895 744 2949 ontificatu
770 2893 848 2947 nil
873 2893 1130 2947 innotuit.
1169 2893 1402 2946 Nandeti
1426 2893 1505 2946 in-

364 2974 367 2978 ’
427 2917 524 3019 Rex
552 2963 697 3016 hunc
726 2964 786 3015 L.
814 2962 1067 3015 Pisonem
1098 2962 1234 3015 mire
1270 2961 1504 3015 confun-

429 3035 484 3087 di
511 3044 662 3086 tcum
683 3027 977 3101 Calpurnio
997 3029 1224 3096 Pisone,
1263 3031 1353 3100 q‘ui
1384 3049 1503 3081 me-

427 3111 676 3154 moratur
691 3102 742 3166 2,
775 3102 858 3154 34.
896 3098 946 3160 3,
976 3102 1055 3151 11.
1094 3099 1143 3162 3,
1172 3099 1259 3151 68.
1300 3099 1352 3160 4,
1376 3100 1465 3151 21.

498 3170 825 3221 memoravi.
882 3167 966 3220 De
990 3167 1093 3223 hac.
1116 3188 1174 3221 re
1199 3165 1335 3219 nihil
1359 3166 1502 3238 apud

430 3236 683 3292 Tacitum
709 3237 992 3307 reperitur.

505 3305 564 3357 ἰή
604 3306 852 3358 Thracia
898 3313 1211 3358 meruerat.
1310 3302 1505 3357 Vellei.

431 3374 484 3438 ΞΕ
514 3374 602 3426 98.
673 3373 782 3427 Dio
822 3369 905 3437 54,
938 3371 1072 3426 34.”
1096 3372 1236 3426 Cod.
1263 3372 1389 3432 MS.
1422 3375 1512 3446 dat

434 3445 493 3495 in
523 3443 819 3495 Thraecia.
1011 3469 1014 3472 2
1163 3502 1167 3506 .

496 3511 812 3576 praefectus
853 3511 999 3563 urbi.
1079 3507 1176 3562 Sic
1220 3509 1343 3562 cod.
1384 3508 1508 3561 MS.

436 3579 559 3631 edd.
610 3578 862 3631 Beroald.
917 3579 1037 3631 Alc.
1092 3577 1335 3632 Rhenan.
1365 3575 1510 3646 sqq.

436 3647 543 3708 Sed
584 3637 946 3718 Wopkensio
990 3657 1209 3699 auctore
1264 3644 1508 3716 plerique

438 3735 587 3769 nunc
621 3715 787 3768 edunt
821 3716 1145 3781 praefectus
1191 3715 1370 3774 urbis,
1430 3712 1508 3765 uti

439 3796 515 3848 est
540 3784 591 3843 4,
615 3782 699 3835 36.
750 3782 821 3838 cf.
853 3783 928 3836 ibi
951 3794 1064 3836 not.
1136 3783 1302 3836 Cuius
1328 3794 1509 3835 tamen

439 3849 752 3905 mutationis
810 3870 924 3904 non
974 3859 1085 3903 er'at
1137 3850 1273 3903 iusta
1334 3867 1511 3906 causa,

440 3922 564 3991 quia
597 3929 821 3990 utraque
850 3919 1080 3971 formula
1113 3919 1315 3970 Nostro
1337 3921 1512 3971 ‘usur-

443 4001 614 4061 patur.
658 3988 728 4042 cf.
764 3991 809 4049 1,
833 3989 919 4039 90.
946 4005 1086 4038 mox
1114 3990 1314 4039 castris
1334 4006 1513 4050 prae-

337 4103 344 4108 ,
424 4056 632 4125 fectus.
675 4055 890 4126 Etenim
920 4055 1159 4109 dativum
1187 4054 1356 4124 ponit,
1385 4074 1518 4132 quo·

442 4127 579 4180 tiens
616 4124 940 4191 praefectus
966 4134 1043 4175 est
1075 4142 1175 4196 pro
1202 4124 1519 4194 partieipi05

442 4193 765 4273 genitivum,
825 4191 1072 4262 quotiens
1116 4209 1220 4263 pro
1263 4192 1514 4252 substan-

445 4273 575 4314 tivo.
759 4287 762 4290 >
1176 4265 1182 4280 '

511 4343 704 4384 recens
729 4331 1069 4383 continuam.
1142 4327 1218 4383 lta
1249 4348 1277 4382 e
1301 4326 1511 4402 Wop-

1582 1935 1756 1993 kensii
1811 1934 2076 1988 sententia
2130 1952 2330 1988 recens
2388 1935 2665 2004 coniunge

1582 2025 1710 2060 cum
1734 2005 2062 2057 continuam
2077 2043 2093 2070 ,
2128 2015 2187 2056 ut
2213 2004 2280 2056 sit
2302 2015 2542 2072 potestas
2567 2022 2664 2056 nu·

1581 2094 1679 2146 per
1720 2074 1939 2126 demum
1964 2073 2233 2125 *continua
2276 2072 2436 2127 faeta.
2523 2072 2663 2125 Nam

1583 2142 1909 2205 vocabulum
1935 2159 2129 2193 recens
2155 2160 2221 2193 ne
2264 2160 2332 2193 ue
2355 2160 2415 2193 ex
2436 2141 2662 2217 scripto·

1581 2210 1656 2264 ris
1683 2219 1882 2270 aetate,
1923 2228 2103 2278 neque
2131 2209 2231 2261 exi
2274 2227 2306 2260 o
2335 2229 2515 2274 anne,
2563 2230 2659 2264 cu-

1566 2281 1673 2333 'ius
1712 2298 1863 2332 nune
1900 2278 2157 2341 describit
2194 2297 2308 2338 res,
2355 2279 2451 2331 sed
2481 2298 2545 2331 ex
2570 2277 2661 2332 illo

1586 2358 1865 2417 tempore,
1924 2366 2035 2416 quo
2074 2346 2201 2399 Piso
2254 2346 2501 2415 primum
2543 2345 2661 2400 urbi

1624 2416 2027 2475 raefieiebatur,
2092 2414 2508 2485 intelligendum
2564 2418 2658 2468 est:

1586 2437 1860 2539 {lominua
1951 2483 2165 2537 raefecti
2224 2485 2374 2536 urbis
2429 2494 2662 2555 potestas

1583 2567 1733 2617 tum,
1767 2573 1894 2607 cum
1966 2553 2045 2606 iso
2071 2572 2187 2605 eam
2213 2564 2544 2623 capesseret,
2571 2572 2657 2606 re-

1587 2642 1717 2678 cens
1743 2633 1874 2676 erat.
1946 2622 2167 2675 Frustra
2191 2620 2358 2692 igitur
2374 2622 2660 2692 Rupertius

1588 2694 1748 2746 docet
1781 2709 1971 2742 recens
2006 2701 2058 2743 et
2092 2707 2274 2756 nuper
2314 2690 2382 2743 de
2419 2702 2659 2763 tempore

1587 2759 1714 2814 satis
1745 2758 1908 2829 longo
1943 2759 2066 2813 dici.
2142 2758 2360 2812 Priores
2391 2759 2659 2832 interpre-

1590 2839 1670 2882 tes
1696 2827 1943 2881 solebant
1969 2828 2297 2895 coniungere
2311 2847 2331 2889 ι,
2347 2829 2660 2897 praefi-ctus

1592 2899 1725 2949 urbi
1761 2899 2005 2949 ‘recensu'
2086 2895 2240 2962 Quae
2293 2915 2424 2948 cum
2474 2915 2660 2967 parum

1592 2965 1807 3035 elegans
1837 2963 2042 3016 locutio
2070 2983 2182 3016 esse
2211 2964 2512 3028 videretur,
2558 2965 2661 3017 Er·

1590 3033 1789 3087 nestius
1830 3032 2063 3086 coniecit
2097 3032 2349 3084 Tacitum
2392 3035 2662 3106 scripsisse

1587 3111 1847 3164 creatus;
1894 3099 2026 3153 Wo
2069 3100 2280 3153 kens-ius
2304 3103 2547 3166 tentabat
2569 3122 2662 3169 ge-

1590 3169 1745 3222 rens.
1829 3171 1945 3222 lam
1987 3173 2040 3221 ni
2102 3188 2235 3239 opus
2278 3179 2357 3221 est
2405 3172 2660 3224 emenda-

1593 3232 1771 3299 tione,
1827 3247 1882 3289 et
1923 3256 1992 3290 ne
2041 3235 2130 3291 illa
2188 3238 2443 3310 quidem,
2503 3259 2662 3321 quam

1594 3307 1954 3377 Baumgarten
1973 3308 2240 3362 -“Crusius
2272 3319 2560 3377 proposuit
2599 3308 2661 3362 ad

1594 3373 1818 3427 Sueton.
1850 3362 1985 3427 ’'rib.
2023 3395 2075 3428 c.
2114 3377 2199 3428 42.
2239 3393 2440 3427 recens
2475 3380 2657 3429 condi·

1596 3455 1720 3496 tam
1752 3441 1835 3497 vel
1865 3445 2254 3496 constitutam.
2298 3441 2307 3465 ¹
2332 3444 2433 3495 Vir
2462 3446 2659 3500 doctis-

1596 3512 1763 3565 simus
1790 3530 1906 3562 non
1933 3511 2344 3581 animadvertit,
2420 3532 2547 3567 uam
2573 3534 2663 3569 ac-

1596 3589 1784 3632 curate
1808 3578 1909 3631 sibi
1932 3579 2161 3638 invicem
2187 3600 2384 3651 respon
2429 3594 2550 3636 eant
2573 3604 2660 3639 vo·

1563 3646 1817 3704 cabula:
1872 3650 2198 3702 continuam
2253 3660 2305 3701 et
2348 3652 2410 3702 in
2447 3659 2662 3720 tempus

1593 3718 1957 3780 deligebatur.
2051 3716 2168 3771 Nec
2192 3723 2434 3780 >omnino
2475 3717 2661 3775 Noster

1597 3785 1663 3837 de
1702 3783 2036 3853 praefectura
2081 3788 2228 3840 urbis
2273 3796 2335 3838 ut
2376 3788 2443 3842 de
2480 3809 2658 3845 reeens

1595 3852 1813 3905 condita
1851 3863 2121 3922 potestate
2149 3855 2426 3924 loquitur,
2479 3877 2659 3915 verum

1592 3940 1657 3973 ex
1685 3920 1994 3990 antiquitate
2018 3940 2132 3974 eam
2161 3925 2371 3993 repetit.

1666 3987 1801 4042 CAP.
1842 3990 1925 4042 11.
1986 3991 2257 4057 profectis
2306 3998 2498 4047 domo.
2577 3993 2659 4050 Sic

1603 4057 1724 4109 edd.
1763 4056 2006 4109 Rhenan.
2035 4078 2152 4129 sqq.
2198 4070 2249 4113 et
2282 4062 2358 4116 sic
2399 4063 2656 4117 Victorius

1566 4161 1567 4166 =
1602 4126 1832 4177 correxit
1858 4124 1915 4176 in
1940 4145 2015 4177 ex.
2044 4147 2142 4179 suo
2157 4128 2412 4185 Beroald.
2428 4171 2445 4197 ,
2479 4132 2536 4185 in
2560 4152 2655 4203 quo

1552 4218 1567 4233 ι
1597 4193 1776 4245 fuerat
1810 4195 2108 4263 praesectis
2142 4202 2394 4251 demum.
2482 4201 2571 4256 sic
2612 4210 2657 4253 et

1600 4262 1729 4381 Αιίῒι
1756 4337 1996 4400 tempusa
2070 4333 2140 4390 cf.
2169 4345 2289 4390 not.
2324 4335 2394 4390 ad
2420 4337 2471 4397 4,
2499 4338 2597 4422 66„
