2794 5085
992 116 1033 125 x

842 298 1829 439 PnAErAT10.‘
2222 379 2375 436 xm
2401 342 2424 419 ἕ

123 510 483 604 telligitur
532 526 625 584 ex
670 512 797 600 iis,
859 539 1041 610 quae
1083 511 1450 612 hucusque
1487 484 2026 607 disputamus,
2140 513 2370 587 Immo

110 617 416 689 interna
462 609 690 687 etiam
732 630 1197 714 utrorumque
1235 619 1589 690 librorum
1634 617 1880 689 indole
1929 617 2373 690 considerata

127 719 510 790 diversam
553 741 930 810 cognosces
980 721 1332 791 rationem
1393 734 1780 814 artemque.
1906 717 2267 816 Namque
2288 721 2369 790 in

128 819 629 898 Historiarum
661 816 903 908 libris,
969 822 1097 917 qui
1138 835 1552 916 supersunt,
1615 844 1862 893 omnes
1904 845 2020 894 res
2063 824 2164 894 ita
2203 836 2372 894 sunt

131 922 533 1016 descriptae
568 937 781 1020 atque
809 925 1312 1011 concinnatae,
1360 937 1445 996 ut
1467 925 1561 995 ad
1588 948 1830 995 unum
1845 923 2228 1025 consilium
2254 949 2370 995 re-
2439 1010 2440 1013 Ἴ

128 1026 342 1097 deant
367 1026 737 1121 uniusque
770 1024 1168 1118 arg-umenti
1194 1026 1484 1098 vinculo
1515 1027 2048 1107 contineantur.-
2126 1024 2371 1116 Quare

131 1121 329 1198 haud
373 1127 625 1221 inepte
665 1140 894 1201 totum
941 1130 1145 1201 illud
1164 1146 1363 1224 opus
1375 1154 1597 1201 unam
1626 1129 1940 1200 dicemus
1970 1118 2366 1204 historiam.

130 1225 559 1301 Annalium
568 1228 790 1302 libri
767 1256 846 1301 13
874 1257 957 1303 30
987 1232 1253 1304 diversi
1277 1246 1477 1318 sunt,
1516 1245 1598 1303 ut
1626 1255 1778 1303 non
1803 1232 2036 1307 unum
2055 1226 2371 1307 habeant

130 1346 346 1426 capnt
372 1332 819 1451 argumenti,
867 1334 957 1405 ad
992 1335 1186 1430 quod
1220 1334 1464 1405 omnia
1492 1332 1927 1419 referantur,
1959 1335 2101 1405 sed
2129 1335 2369 1427 potius

133 1434 543 1525 imaginem
553 1414 955 1529 temporum
987 1432 1366 1509 exhibeant
1390 1435 1691 1526 singulis
1716 1388 2075 1528 partilms
2070 1437 2368 1512 variam.

131 1532 513 1618 Historias
520 1537 997 1611 adsimulares
1010 1538 1310 1611 carmini
1328 1538 1568 1632 epico:
1618 1531 1940 1609 Annales
1966 1536 2122 1609 sine
2144 1540 2370 1611 artifi-

129 1638 244 1710 cio
258 1662 395 1710 res
422 1651 515 1711 31
506 1638 954 1733 simpliciore
987 1635 1397 1714 narratione
1426 1639 1895 1732 coniungunt.
1944 1639 2187 1731 Quare
2203 1667 2370 1715 130-

133 1734 459 1813 destiore
483 1734 884 1825 Annalium
929 1743 1220 1814 nomine
1258 1742 1410 1836 ipse
1450 1741 1745 1814 Tacitus
1782 1738 1916 1819 hos
1962 1744 2188 1815 libros
2230 1768 2367 1814 no-

130 1841 503 1935 1111113νί1..-
500 1842 617 1920 cf.
627 1840 829 1921 Anu.
844 1843 983 1932 ΙΙΙ,
997 1840 1121 1921 65.
1171 1840 1301 1931 IV,
1315 1843 1440 1921 32
1486 1841 1692 1931 XIII,
1695 1845 1841 1921 21.
1940 1842 2152 1917 Adde
2168 1841 2369 1923 Ann.

130 1941 261 2032 IV,
299 1942 453 2020 ⁷1.
530 1922 906 2021 consentit
947 1945 1406 2020 lornandes
1380 1972 1462 2017 13
1501 1949 1714 2019 rebus
1758 1942 1982 2022 Goth.
2020 1946 2078 2034 I,
2118 1950 2192 2023 2.
2239 1949 2369 2044 qui

122 2045 507 2137 Nostrum
518 2047 714 2120 dicit
764 2044 1160 2123 Annalium
1225 2049 1666 2143 scriptorem.
1796 2046 2127 2121 Alterum
2186 2073 2380 2143 opus*

138 2132 659 2233 Hisforiarum
702 2152 975 2223 titulo
949 2175 1093 2223 1313
1132 2151 1529 2247 antiquitus
1552 2151 1829 2241 insigne
1855 2152 2073 2224 fuisse
2095 2152 2368 2225 indicat

140 2240 621 2327 Τ31ἑ31Ε33.
594 2276 676 2323 13
698 2247 1005 2346 Apolog.
1031 2255 1192 2330 adv.
1218 2268 1406 2346 gent.
1431 2278 1490 2328 c.
1510 2252 1624 2326 16.
1650 2253 1782 2324 ubi
1803 2254 2137 2345 leguntur
2159 2249 2366 2325 haec.

134 2348 596 2425 Somniastzk
626 2362 842 2452 caput
871 2355 1255 2428 asininum
1284 2379 1435 2428 esse
1463 2350 1675 2425 deum
1703 2363 2059 2426 nostrum.
2137 2352 2367 2437 Hanc

137 2448 536 2528 Cornelius
565 2452 880 2529 Tacitus
908 2456 1390 2558 suspicionem
1433 2452 1798 2529 eiusmodi
1840 2455 2169 2529 inseruit.
2270 2453 2366 2530 Is

140 2559 332 2630 enim
366 2559 449 2630 in
476 2559 753 2660 quinta
773 2560 1287 2633 fflstoriarum
1316 2586 1624 2633 suarum
1659 2557 1933 2632 bellum
1962 2557 2367 2633 Iudaicum

60 2671 75 2692 *
126 2681 457 2744 'exorsus
489 2660 597 2734 ab
636 2661 921 2759 origine
955 2663 1199 2761 gentis
1232 2679 1361 2739 etc.
1425 2665 1511 2738 cf.
1535 2659 1727 2740 Hist.
1758 2662 1849 2749 V,
1877 2661 1954 2741 4.
2054 2663 2252 2735 Vix
2228 2665 2367 2756 lgi-

131 2780 255 2837 tur
295 2752 617 2838 dubitari
656 2781 888 2862 potest
917 2763 1050 2839 hos
1081 2768 1305 2839 libros
1329 2762 1767 2851 Annalium,
1814 2766 1979 2837 illos
2004 2765 2366 2839 Historia-

131 2863 303 2952 1313
321 2868 621 2958 nomine
652 2895 690 2939 e
714 2895 935 2940 manu
964 2868 1201 2942 Taciti
1225 2869 1595 2963 prodiisse.
1700 2867 1942 2956 Quare
1963 2864 2366 2945 Rhenanus

129 2993 286 3040 non
310 2971 509 3052 satis
560 2961 749 3046 recte
793 2968 1186 3043 Annalium
1238 2972 1446 3043 titulo
1500 2987 1839 3064 utrosque
1888 2970 2112 3041 libros
2163 2996 2366 3042 com-

130 3064 388 3174 plexus
422 3086 585 3159 ,,331
592 3097 1032 3169 ,quanquam
1070 3077 1253 3145 hene
1291 3074 1555 3144 delevit
1584 3072 2126 3165 inscriptionem
2156 3074 2358 3165 prio-

124 3173 337 3256 ribus
354 3174 761 3269 editoribus
785 3190 1172 3268 receptam:
1210 3170 1599 3245 Actionum
1625 3165 2091 3254 diurnalium
2119 3167 2362 3258 histo-

133 3273 307 3348 riae
324 3270 712 3400 megasius
752 3279 869 3348 vel
904 3275 1253 3350 Actorum
1300 3271 1789 3347 diurnalium.
1885 3276 2073 3352 Nam
2114 3290 2362 3361 auctor

125 3379 286 3471 ipse
323 3365 554 3476 libros
593 3404 759 3450 suos
799 3382 890 3451 ab
932 3378 1119 3456 actis
1168 3374 1463 3452 diurni-s
1507 3380 1767 3450 diserte
1811 3377 2134 3450 distinxit
2159 3363 2362 3456 Ann.

117 3478 347 3568 ΧΙΙῙ,
368 3473 551 3562 81..
602 3479 1013 3556 Beroaldus
1036 3477 1431 3555 Annalium
1469 3476 2092 3575 Historiarumque
2133 3453 2365 3552 libros

123 3582 350 3655 simul
391 3573 787 3680 inscripsit:
838 3579 955 3654 Ab
999 3607 1292 3658 excessu
1333 3579 1495 3655 divi
1519 3579 1847 3679 Augusti
1871 3576 2363 3654 historiarum

123 3679 390 3755 libros.
505 3682 598 3756 In
646 3685 887 3758 codice
928 3685 1379 3780 Corbeiensi‚
1446 3713 1589 3806 quo
1629 3709 1808 3757 usus
1863 3700 2004 3771 est,
2068 3686 2360 3785 titulum

123 3782 331 3859 hune
366 3788 766 3881 reppererit
807 3814 901 3859 an
955 3790 1449 3879 excogitaverit
1506 3790 1687 3881 ipse,
1763 3789 2120 3886 nesciebat
2156 3760 2362 3860 Rhe-

123 3911 396 3960 nanus:
476 3884 741 3964 hodie
738 3905 1031 3963 constat
1088 3891 1401 3964 codicem
1456 3892 1664 3961 illum
1716 3915 1848 3983 pro
1898 3891 2123 3982 eapite
2168 3886 2359 3959 nihil

124 3990 329 4061 aliud
356 3987 626 4063 habere
657 4016 902 4087 quam:
935 3986 1022 4061 P.
1037 3977 1373 4062 Cornelii
1383 3971 1658 4073 Taciti,
1689 4016 1907 4085 eaque
1934 4014 2085 4061 non
2110 3989 2358 4060 eadem

117 4117 363 4178 133311,
395 4095 520 4170 sed
552 4093 699 4164 aha
712 4095 1105 4168 recentiore
1125 4111 1424 4183 exarata.
1454 4097 1542 4168 cf.
1556 4094 1875 4189 Ryckius
1892 4096 1983 4163 ad
1997 4088 2194 4166 Ann.
2212 4090 2268 4177 l,
2286 4094 2357 4166 1.

290 4194 541 4267 =Iuvat
578 4196 850 4266 addere
890 4197 1125 4266 locum
1163 4179 1251 4265 de
1298 4197 1706 4266 discrimine
1730 4191 2242 4265 Historiarum
2265 4208 2359 4286 set

123 4293 548 4368 Annalium
582 4298 935 4383 egregium
959 4352 980 4382 ‚
1026 4300 1150 4391 qui
1179 4313 1280 4370 est
1307 4300 1497 4390 apud
1526 4294 1753 4469 Cgicer.
1785 4301 1873 4367 de
1902 4291 2217 4382 Oratdl,
2238 4296 2355 4369 12.
