2794 5085
349 366 627 468 23:⁷53:

869 375 1082 454 LIB.
1127 375 1220 465 ΙΙ.
1322 372 1724 456 (ΞΑΡ.’27.
1759 378 1886 455 28.
1940 371 1979 468 ,’

1093 491 1094 502 ,
1656 491 1664 520 ι
1740 503 1745 510 ,

255 554 437 602 num
452 585 476 616 ,
541 529 773 600 socius
812 528 1203 600 libidinum
1261 544 1332 601 et
1383 529 1912 617 necessitatum}
1978 556 2121 625 quo
2164 533 2521 625 pluribus

259 632 565 703 indiciis.
586 631 935 719 inligaret.
1840 629 1847 636 ’
2146 663 2150 670 ·
2484 683 2487 688 .

210 727 240 752 ”’
397 752 406 764 “
456 729 827 821 XXVIII.
913 730 1015 803 Ut
1082 733 1249 803 satis
1310 733 1599 803 testium
1663 748 1743 804 etr
1800 734 1926 828 qui
1992 735 2177 826 seryi
2248 739 2494 808 eadem
2572 723 2581 730 ’

260 849 673 918 noscerent,
709 835 1057 925 repperit,
1102 834 1377 908 aditum
1417 836 1511 903 ad
1548 836 1947 929 principem
1977 837 2320 928 postulat,
2368 840 2496 907 de-

257 950 653 1007 monstrato
736 935 1034 1004 crimine
1109 949 1177 1007 et
1245 961 1369 1005 reo
1437 961 1566 1027 per
1621 934 1956 1007 Flaccum
2009 934 2499 1032 Vescularium

263 1038 577 1131 equitem
598 1034 1050 1121 Romanum,
1099 1037 1220 1128 cui
1250 1038 1561 1130 propior·
1586 1063 1749 1107 cum
1779 1037 2074 1109 Tiberio
2114 1064 2285 1118 usus
2327 1039 2496 1115 erat.

195 1141 196 1146 ’
256 1135 521 1232 ¹Caesar
581 1138 929 1207 indicium
987 1133 1182 1208 haud
1252 1143 1665 1230 aspernatus
1731 1164 2142 1230 congressus
2210 1142 2496 1211 abnuit:

156 1275 171 1298 ι
260 1250 467 1335 'posse
537 1239 729 1310 e‘nim
780 1242 1030 1308 eodem
1073 1237 1345 1310 Flacco.
1396 1241 1838 1310 internuntio
1892 1266 2248 1312 sermones
2304 1269 2500 1313 com-

262 1366 524 1415 meare.
644 1335 882 1433 Atque
923 1341 1213 1428 interim
1254 1340 1611 1412 Libonem
1660 1357 1873 1412 ornat
1907 1358 2273 1435 praetura,
2323 1369 2501 1414 con-

260 1444 569 1514 victibus
616 1437 947 1528 adhibet,
996 1467 1149 1512 non
1174 1444 1383 1513 vultu
1414 1444 1797 1529 alienatus,
1849 1469 2007 1513 non*
2032 1445 2270 1515 verbis
2305 1471 2502 1515 com-

259 1547 526 1616 motior
577 1539 787 1644 (adeo
855 1545 1038 1613 iram
1088 1542 1574 1641 condiderat),
1626 1559 2041 1640 ¹cunctaque
2112 1547 2262 1616 eius
2313 1547 2500 1618 dicta
2586 1633 2591 1641 Ι

259 1649 619 1740 factaque,
682 1671 845 1715 cum
887 1640 1265 1739 prohibere
1309 1661 1582 1737 posset,
1646 1647 1823 1716 scire
1865 1649 2198 1719 malebat:
2269 1649 2498 1718 donec

261 1747 518 1820 Iunius
539 1747 873 1840 quidam,
919 1761 1223 1817 tentatus
1248 1761 1331 1816 ut
1370 1748 1684 1816 infernas
1723 1750 2016 1818 umbras
2064 1750 2502 1830 carminibus

264 1851 579 1933 eliceret,
636 1850 728 1936 ad
771 1847 1183 1922 Fulcinium
1218 1847 1568 1918 Trionem
1616 1849 1963 1919 indicium
2009 1844 2282 1924 detulit.
2389 1875 2503 1920 ce-

262 1949 461 2023 lebre
483 1952 691 2022 ‘inter
732 1964 1167 2022 accusatores
1206 1949 1502 2020 Trionis
1555 1947 1922 2041 ingenium
1977 1965 2126 2022 erat
2176 1953 2509 2022 avidum-⁴

331 2223 513 2283 sociiis
536 2229 831 2281 libidinum
856 2237 913 2279 et
935 2227 1374 2282 necessitatum.'
1418 2226 1664 2296 serrem.
1740 2227 1818 2280 ld.
1855 2227 1904 2289 5,
1933 2228 2014 2280 19.
2049 2228 2159 2280 Est
2192 2227 2349 2278 enim
2385 2235 2508 2277 tam

263 2298 622 2353 Necessitates
672 2297 715 2349 1.
759 2296 852 2350 Fr.
900 2295 1218 2352 Gronovius
1266 2298 1347 2350 in·
1428 2313 1642 2365 parcus
1667 2305 1724 2348 et
1749 2296 2059 2355 continens,
2098 2306 2161 2347 ut
2186 2312 2301 2346 mm
2323 2299 2507 2347 solum

264 2376 599 2437 terpretatur
634 2376 877 2435 sumptus
915 2366 1002 2421 vel
1045 2365 1348 2437 impensas;
1433 2365 1689 2426 delicias,
1727 2380 1926 2417 verum
1953 2366 2127 2416 etiam
2162 2367 2512 2432 necessitates

188 2461 194 2470 ¹
265 2435 514 2504 sequitur
549 2433 985 2496 Strombeckius,
1076 2436 1130 2487 ui
1174 2436 1345 2487 inter·
1435 2435 1763 2485 valetudinis
1790 2433 2131 2502 frugalitate
2174 2432 2508 2496 restringat.

262 2513 543 2578 pretatur:
585 2500 830 2556 Genosse
844 2506 1029 2556 seiner
1090 2509 1214 2557 it'ste
1228 2506 1350 2557 und
1433 2502 1576 2555 Hinc
1601 2503 1784 2555 socius
1809 2502 2097 2554 libidinum
2124 2510 2179 2555 et
2206 2503 2514 2554 necessita-

2252 377 2594 452 Κ1471

262 2574 591 2640 Αιὶεςαὸεη.
621 2636 626 2641 .
669 2571 907 2640 Lipsius,
947 2572 1348 2626 Freinshemius

265 2652 321 2696 et
361 2641 643 2695 Ernestius
689 2638 931 2703 referunt
981 2641 1049 2694 ad
1089 2659 1176 2693 aes
1214 2642 1345 2695 alie-

265 2729 423 2764 num.
471 2707 710 2762 Hillerus
735 2706 794 2760 in
817 2708 1042 2763 Racem.
1072 2709 1159 2764 23.
1182 2710 1346 2764 intel-

268 2778 386 2848 tigit
416 2777 478 2837 ἓν
510 2775 606 2831 διὰ
644 2778 834 2843 δυοῖν,
883 2776 1207 2832 libidinosas
1246 2796 1348 2830 ne-

269 2847 556 2905 cessitates
585 2868 629 2902 s.
658 2848 1019 2907 sodalitateS,
1060 2858 1123 2899 ut
1150 2848 1223 2900 ita
1249 2865 1347 2900 ne-

270 2915 488 2969 cessitas
536 2919 606 2969 sit
656 2933 758 2986 pro
807 2916 1203 2968 necessitudine
1253 2915 1347 2981 (cf.
1387 2945 1394 2949 —

251 2994 390 3037 not.
409 2982 474 3035 ad
501 2986 547 3047 1,
564 2984 655 3052 9.).
715 2982 857 3036 Hinc
873 2982 1137 3038 Ricklefsz
1167 2983 1349 3035 Tfieil-

269 3055 511 3105 nehmer
534 3068 614 3103 an
636 3054 830 3105 semen
844 3052 1054 3106 Lit'stea
1077 3057 1196 3104 und
1213 3053 1272 3102 V
1267 3069 1349 3104 er·

269 3124 615 3186 bindungen.
716 3118 952 3174 Hackius
1004 3122 1352 3185 necessitates

273 3188 405 3243 dicit
450 3188 856 3255 Bedit'rsm‘sse.
952 3188 1109 3242 Alius
1170 3200 1349 3241 tamen

273 3263 459 3310 sensus
497 3257 713 3309 subesse
753 3257 983 3311 videtur.
1045 3258 1352 3310 'Libidines

273 3336 325 3379 et
353 3328 710 3378 necessitates
741 3324 1099 3407 hic-invicem
1127 3325 1347 3407 sibi‘op·

270 3405 586 3474 ponuntur,
644 3404 702 3445 ut
749 3394 1009 3448 libidines
1052 3395 1159 3448 sint
1193 3392 1351 3447 ‘deh-

191 3518 211 3538 Ι
274 3481 592 3542 enam-quas
628 3481 744 3515 non
783 3463 1098 3517 necessitate
1132 3466 1371 3516 coactus'

277 3531 501 3601 aliqms,
572 3531 665 3583 sed
725 3530 1012 3601 voluptatis
1075 3542 1237 3584 causa
1297 3541 1351 3583 et

274 3599 473 3653 lascive
534 3598 902 3670 concupiscit;
943 3604 1356 3673 ,necessitatem

273 3663 549 3737 ἀνάγκαι,
602 3669 813 3737 negotia
860 3670 1189 3729 necessaria,
1235 3669 1352 3721 Be-

273 3736 702 3805 russgeschafle,
743 3735 1039 3804 Issichten,
1080 3746 1132 3790 et
1168 3736 1353 3797 omni·-

177 3830 186 3833 -
275 3824 380 3867 no,
421 3824 560 3885 quae
596 3804 851 3857 iubentur
885 3825 944 3858 ex
980 3807 1123 3859 iusto
1162 3816 1216 3858 et
1248 3823 1351 3856 ne-

1046 3875 1186 3926 Plin.
1230 3892 1351 3943 epp.
1377 3923 1392 3927 t

276 3893 509 3928 cessario
562 3874 696 3939 vitae
747 3873 957 3928 ordine.

277 3941 393 4004 3,4.
424 3942 685 4008 Collegae
709 3944 910 4006 optimi
924 3945 1137 4011 meique
1150 3960 1353 3995 aman-

277 4013 477 4063 tissimi
506 4016 577 4062 de
609 4013 922 4064 communis
954 4011 1131 4081 officii
1160 4028 1354 4064 neces-

276 4081 540 4133 sitatibus
581 4080 898 4147 praelocuti
934 4092 1207 4133 excusare
1264 4096 1356 4130 me

276 4156 332 4199 et
365 4148 626 4199 eximere
663 4156 976 4202 tentarunt.
1057 4149 1137 4201 td.
1175 4148 1227 4212 8,
1264 4148 1351 4201 21.

273 4216 514 4279 Addidi,
573 4218 718 4267 hunc
764 4216 1023 4270 ordinem
1071 4234 1162 4269 me
1200 4225 1254 4268 et
1296 4218 1354 4267 in

273 4288 565 4338 scribendo
622 4285 808 4352 sequi,
890 4294 953 4336 ut
1000 4286 1357 4338 necessitates

275 4355 661 4424 voluptatibus
674 4391 692 4417 ,
724 4348 882 4408 sebia
905 4354 1162 4413 iucundis
1187 4362 1356 4416 ante-

1434 2581 1557 2624 tum
1597 2571 1696 2623 tibi
1734 2569 1861 2634 erit,
1920 2572 2014 2640 qui
2069 2582 2283 2624 tuarum
2324 2588 2511 2622 rerum

1435 2638 1680 2693 omnium
1717 2639 1997 2711 particeps]
2017 2638 2158 2693 inter
2186 2637 2421 2691 iucunda
2446 2656 2513 2691 ac

1433 2709 1571 2761 seria
1614 2708 1713 2760 tibi
1759 2709 1905 2761 adest
1945 2707 2001 2759 h.
2037 2727 2086 2762 e.
2132 2706 2513 2777 sempiternus,

1512 2843 1650 2897 CAP.
1687 2845 1774 2896 28.
1862 2845 2130 2908 repperit.
2222 2841 2324 2895 -sic
2383 2842 2508 2897 cod.

1432 2912 1557 2966 MS.
1590 2913 1671 2969 ed.
1697 2911 1953 2965 Beroald.
1992 2922 2045 2963 et
2081 2914 2257 2982 nuper
2282 2910 2511 2964 Bekker.

1434 2984 1643 3047 reperit
1681 2980 1801 3032 edd.
1838 2980 2085 3032 Rhenan.
2121 2998 2238 3050 sqq.
2322 2982 2510 3033 ‘Aure-
2538 3041 2549 3047 .

1435 3049 1567 3112 lius,
1608 3047 2006 3112 Freinshemius
2034 3058 2084 3100 et
2110 3048 2359 3103 Heinsius
2384 3048 2509 3099 fru-

1434 3130 1541 3171 stra
1581 3118 1871 3169 emendant
1904 3119 2125 3180 reperti.
2212 3115 2350 3168 Nam
2393 3115 2510 3168 Cic.

1433 3187 1548 3240 Au.
1573 3185 1622 3248 6,
1652 3188 1701 3237 1.
1742 3183 1899 3254 Quos
1934 3203 2061 3236 cum
2098 3184 2276 3235 Matio
2305 3201 2514 3249 pueros

1434 3255 1710 3311 miseram
1723 3290 1740 3312 ,
1804 3254 2113 3319 epistolam
2161 3253 2313 3304 mihi
2353 3261 2513 3304 attu-

1434 3327 1642 3387 lerunt.
1715 3321 1827 3374 Liv.
1857 3326 1903 3384 1,
1920 3324 1966 3373 1.
1994 3323 2054 3373 in
2080 3340 2241 3389 quem
2258 3322 2512 3386 primum

1434 3392 1659 3459 egressi
1687 3400 1826 3443 sunt
1855 3390 2071 3453 locum,
2119 3391 2302 3444 Troia
2339 3406 2510 3443 voca-

1436 3471 1549 3513 lul‘.
1812 3474 1825 3489 ¹
2304 3482 2308 3487 ’

1500 3545 1607 3597 per
1632 3522 1900 3581 Flaccum
1929 3527 2333 3581 Vescularium.
2399 3526 2514 3594 Qui

1437 3597 1764 3669 cognomine
1783 3597 2018 3648 Atticus,
2067 3594 2139 3649 cf.
2161 3596 2295 3650 infr.
2312 3594 2364 3654 6,
2392 3599 2474 3650 10.

1505 3666 1598 3718 cui
1625 3665 1860 3746 propior
1894 3684 1939 3730 c.
1976 3663 2040 3717 T.
2081 3682 2227 3717 usus.
2327 3665 2374 3716 E
2408 3682 2510 3719 ve·-

1438 3732 1745 3787 'tustissimis
1798 3734 1941 3785 enim
1989 3741 2105 3784 erat
2148 3732 2515 3792 familiarium,

1439 3803 1533 3873 qui
1561 3801 1811 3853 Rhodum
1839 3801 2008 3853 secuti
2035 3811 2189 3854 erant
2210 3799 2513 3855 Tiberium.
2552 3832 2558 3836 -

1440 3870 1510 3924 cf.
1536 3870 1671 3922 infr.
1706 3867 1741 3920 Ι.
1768 3869 1804 3923 l.
2050 3872 2055 3877 ⁴

1507 3940 1660 3991 dicta
1698 3937 1992 4006 factaque.

1440 4028 1490 4063 c.
1526 4006 1610 4060 53.
1942 4007 1955 4021 '

1504 4078 1642 4130 scire
1675 4076 1940 4127 malebat.

1437 4147 1582 4198 scire
1611 4142 1730 4200 vult
1758 4144 1868 4202 cire
1901 4162 1945 4196 s.
1983 4141 2345 4211 ciere‚.qnod
2385 4140 2516 4201 dicit

1412 2776 1727 2835 ,continuus
1757 2795 1958 2829 comes.

2101 3936 2228 3991 Vid.
2266 3946 2401 3998 not.
2446 3935 2514 3990 ad

1438 4213 1615 4283 aptius
1684 4209 1891 4295 opponi
1960 4210 2130 4263 verbo
2195 4210 2512 4276 prohibere.
2578 4204 2619 4221 ”

1439 4282 1548 4336 Sed
1583 4282 1649 4336 ab
1689 4277 1955 4334 eiusmodi
1991 4276 2199 4334 insidiis
2239 4277 2329 4335 bic
2360 4277 2518 4333 locus

1441 4352 1569 4407 satis
1594 4360 1743 4405 tutus
1768 4347 2144 4403 videturesse.

1732 4421 1909 4496 Ka

2041 4072 2365 4141 Herrmann.
2400 4091 2513 4142 pro
2588 4098 2589 4101 ¹
