2794 5085
662 286 669 312 i
758 312 764 322 ι

310 341 373 384 Α.
389 338 454 382 U.
475 338 575 380 789.

308 393 373 435 A.
396 390 452 435 C.
501 391 574 433 ³6.

884 341 1097 417 [ΑΒ.
1142 310 1267 416 V1.
1358 338 1596 416 CAP.
1645 294 1812 417 40(
1903 290 1910 303 ’
2284 345 2430 417 421

202 500 674 574 adsuetudine
712 498 1066 585 malorum
1106 513 1187 568 ut
1229 488 1430 568 atro'ii
1468 488 1998 584 advertebatur,
2048 502 2172 570 sed
2206 515 2433 570 exter-—

200 605 350 673 ruit
367 659 390 688 ‚
466 604 663 697 quod
705 597 1108 670 Vibulenus
1153 596 1474 692 Agrippa
1527 625 1738 693 eques
1781 598 2154 672 Romanus
2170 648 2193 688 ‚1
2269 626 2432 695 cum

197 719 647 799 perorassent
684 716 1172 786 accusatoreS‚·
1215 703 1295 770 in
1331 703 1483 793 ipsa
1516 704 1710 772 curia
1737 703 2431 796 depromptumsinu

197 832 559 909 yenenum
586 802 856 887 hausit,
906 805 1415 898 prolapsusque
1453 828 1533 874 ac
1570 784 2046 875 moribundus
2083 807 2430 876 festinatis

197 898 535 985 lictoru'm
566 906 897 976 manibus
934 907 1013 973 in
1054 929 1404 997 carcerem
1446 920 1689 997 raptus
1731 910 1835 976 est'
1871 909 2244 1001 faucesque
2286 908 2431 978 iam

196 1011 544 1080 exanimis
588 1011 839 1105 laqueo
879 1010 1206 1080 vexatam*
1287 1006 1395 1077 Ne
1425 1006 1772 1097 Tigranes
1803 1009 2125 1101 quidem,
2173 1005 2429 1079 Arme-

192 1115 320 1187 nia
349 1114 714 1205 quondam
741 1110 1009 1201 potitus
1036 1132 1116 1178 ac
1146 1123 1316 1178 tunc
1346 1108 1541 1195 reus,
1593 1110 1887 1179 nomine
1925 1113 2118 1201 regio
2159 1113 2431 1203 suppli-

197 1217 309 1286 cia
342 1216 609 1284 civium
637 1213 905 1301 effugit.
1008 1224 1079 1279 at
1105 1209 1186 1282 C.
1219 1208 1453 1280 Galba
1491 1214 1881 1281 consularis
1921 1228 1990 1283 et
2019 1212 2430 1283 duo‘Blaesi

194 1316 608 1388 voluntario
651 1316 841 1384 exitu
883 1313 1193 1382 cecidere
1208 1367 1229 1398 ‚
1281 1311 1513 1383 Galba
1543 1314 1869 1384 tristibus
1894 1313 2212 1384 Caesaris
2241 1314 2432 1384 litte-
2510 1326 2531 1343 ⁸

195 1420 300 1488 ris
324 1417 772 1511 provinciam
796 1416 1037 1485 sortiri
1075 1411 1513 1506 prohibitus:
1564 1414 1834 1485 Blaesis
1877 1418 2267 1488 sacerdotia
2314 1419 2434 1489 in-

200 1537 396 1611 tegra
435 1528 685 1589 eorum
726 1519 940 1588 domo
987 1518 1337 1587 destinata
1356 1573 1375 1601 ‚
1429 1516 1767 1615 convulsa
1807 1519 2209 1603 distulerat,
2260 1534 2443 1589 tunc¹

198 1621 283 1693 ut
310 1638 534 1691 vacua
561 1621 865 1692 contulit
889 1621 968 1687 in
1007 1620 1203 1691 alios,
1307 1622 1502 1713 quod
1540 1621 1823 1710 signum
1854 1622 2111 1691 ‚mortis
2153 1622 2433 1709 intelle-

196 1749 365 1795 xere
381 1739 463 1795 ‚et
492 1724 798 1793 exsecuti
819 1736 1013 1821 ⁸sunt.
1113 1718 1213 1791 Et
1239 1716 1544 1793 Aemilia
1574 1721 1845 1814 Lepida
1861 1778 1881 1808 ‚
1931 1748 2148 1817 quam
2186 1724 2432 1793 iuveni
2536 1726 2537 1733 ’

195 1825 437 1898 Druso
470 1839 771 1917 nuptam
796 1823 1075 1907 rettuli,
1130 1824 1393 1891 crebris
1428 1825 1845 1894 criminibus
1875 1827 2213 1896 maritum
2240 1827 2432 1893 inse-
2500 1822 2503 1825 ’

196 1944 361 2001 cuta
381 1984 402 2013 ‚
476 1951 885 2021 quanquam
936 1924 1395 2010 intestabilis,
1470 1941 1708 1996 tamen
1762 1927 2116 2019 impunita
2166 1929 2433 2018 agebat,
2550 1916 2555 1923 ⁶

196 2034 375 2103 dum
407 2030 755 2122 superfuit
785 2042 985 2119 pater
1013 2025 1357 2119 Lepidus:
1389 2042 1569 2118 -post
1597 2052 1637 2098 a
1667 2030 2103 2099 delatoribus
2135 2028 2433 2121 corripi-

192 2278 303 2333 Sed
331 2238 410 2330 nil
434 2285 645 2332 constat
671 2274 736 2327 de
766 2273 979 2327 duobus
1005 2272 1107 2354 illis
1137 2292 1271 2344 pen·
1359 2275 1523 2326 inseri
1553 2278 1600 2337 5,
1625 2275 1677 2328 6.
1748 2264 1946 2329 Dionis
1972 2258 2097 2330 loco
2129 2270 2429 2331 accuratius

198 2349 394 2418 detque
428 2344 733 2399 emendatio
769 2361 798 2395 e
826 2362 973 2395 mera
1001 2341 1108 2395 viri
1132 2360 1272 2395 con-

97 2464 114 2469 -
171 2406 420 2470 iectura.
505 2413 769 2465 Hillerus:
817 2412 1067 2476 adfectus
1088 2411 1268 2477 foret.

195 2484 453 2539 Moebius
484 2482 539 2534 in
565 2482 694 2534 bibl.
722 2480 841 2534 crit.
872 2480 1021 2532 1820.
1060 2480 1191 2532 fase.
1222 2478 1271 2530 8.

194 2575 250 2628 p.
288 2554 409 2622 674.
468 2555 656 2621 Neque
702 2570 774 2616 eor
816 2569 967 2602 anno
1022 2554 1169 2616 quod
1205 2547 1268 2600 L.

196 2626 473 2678 Aruset'us
500 2630 682 2672 morte
707 2620 962 2688 adfectus
979 2618 1137 2686 soret
1165 2628 1270 2669 ete.

197 2692 305 2745 Sed
351 2692 479 2744 illud
533 2708 606 2742 ne
646 2707 712 2740 ue
765 2708 881 2741 non
922 2690 1130 2741 laborat
1168 2691 1269 2737 suo

201 2763 345 2814 loco·
448 2759 566 2812 Alia
656 2758 707 2809 ie
758 2768 886 2809 sunt
946 2754 1271 2826 quaerenda.

194 2828 612 2882 Emendationes
651 2826 829 2879 adhuc
879 2823 1118 2896 prolatae
1164 2822 1270 2874 mi·-

197 2898 346 2953 nime
386 2896 733 2950 satisfaciunt.

196 2967 418 3020 tandem
483 2976 542 3018 ut
601 2976 750 3017 atrox
813 2962 1022 3023 adverti
1081 2960 1269 3030 potuit,

196 3036 348 3108 quod
401 3035 460 3087 L.
511 3034 798 3095 Aruseius,
855 3030 941 3086 vir
990 3031 1268 3087 obscurus,

196 3114 374 3158 morte
396 3103 638 3156 adfectus
661 3102 839 3155 foret?
911 3098 1091 3152 Facile
1115 3096 1270 3149 intel·

197 3175 318 3244 ligis
357 3171 752 3225 atrocissimum
797 3167 1017 3239 aliquod
1059 3167 1267 3218 facinus

197 3243 287 3297 hic
327 3241 512 3294 latere.
585 3239 691 3292 Sed
734 3235 1089 3292 coniectando
1132 3253 1267 3287 con-

193 3312 369 3364 sulere
405 3310 539 3362 locis
581 3309 871 3380 depravatis
910 3305 1150 3373 ingratus
1191 3311 1267 3360 est

193 3381 378 3443 labor;
436 3397 602 3448 quare
653 3376 923 3437 abstineo,
979 3372 1080 3424 uisi
1128 3371 1271 3424 forte

193 3450 288 3501 tibi
312 3451 533 3518 placeat,
560 3447 707 3516 quod
733 3446 934 3498 amicus
963 3460 1058 3510 per
1085 3440 1267 3508 iocum

187 3516 485 3588 aliquando
540 3512 934 3584 suppeditabat:
996 3527 1063 3561 eo
1117 3527 1268 3580 anno

193 3604 372 3654 neque
396 3587 543 3652 quod
567 3583 966 3651 quinquaginta
1001 3579 1267 3646 haruspi-

190 3674 280 3707 ces
308 3664 490 3705 morte
516 3651 945 3719 adfectisorent.
1013 3647 1268 3715 Haruspi-

196 3744 282 3777 ces
323 3734 468 3776 certe
506 3740 626 3792 pars
660 3738 918 3773 curarum
942 3715 1087 3768 illius
1108 3718 1265 3787 prin-

193 3794 327 3863 cipis
366 3792 534 3848 fuere.
606 3789 679 3842 cs.
709 3789 930 3840 Sueton.
960 3785 1079 3838 Tib.
1111 3806 1157 3838 c.
1181 3783 1286 3838 63..

194 3861 542 3926 Haruspices
576 3866 791 3908 secreto
828 3875 895 3906 ac
941 3856 1064 3906 sine
1106 3856 1268 3908 testi-

188 3935 290 3983 bus
315 3929 536 3981 consuli
554 3928 741 3978 vetuit.
1070 3927 1075 3938 '

264 4001 564 4051 Vibulenus
580 3998 843 4061 Agrippa.
885 3994 1125 4047 Eandem
1148 4012 1265 4044 rem

191 4071 348 4122 habet
377 4067 487 4118 Dio
517 4065 599 4120 58,
627 4065 712 4114 21.
760 4063 884 4126 (nisi
916 4063 1062 4132 quod
1091 4063 1267 4113 Vibu-

191 4144 352 4192 lenus
384 4137 467 4187 ibi.
485 4135 629 4187 audit
656 4129 1003 4199 Ὠυϊουῖλιος)
1039 4133 1105 4184 ad
1137 4151 1265 4184 ann.

195 4229 249 4261 u.
291 4207 415 4259 786.
505 4201 637 4254 lude
681 4200 980 4270 Bipominis
1032 4200 1265 4270 suspicio

196 4275 328 4330 oriri
371 4272 548 4344 potuit
587 4270 692 4323 hoc
731 4280 893 4338 caput
931 4269 1105 4320 alieno
1142 4270 1265 4324 loco
1330 4317 1339 4324 ,

193 4350 458 4400 insertum
487 4359 616 4393 esse.
689 4329 795 4392 Sed
821 4339 896 4393 illi
918 4339 1113 4392 volunt
1140 4340 1269 4395 baec

819 2895 957 2947 Nam
994 2891 1278 2961 quomodo

1325 3587 1330 3596 ⁸
1424 3585 1609 3636 Galba

1356 2343 1602 2414 inspecto
1638 2343 1902 2415 intelliges
1936 2343 2083 2397 illius
2121 2356 2430 2398 contextum

1356 2424 1411 2466 et
1430 2413 1607 2482 ipsum
1624 2413 1799 2484 premi
1824 2413 2225 2485 depravationis
2245 2426 2299 2467 et
2316 2432 2431 2484 per.-

1357 2481 1630 2533 mixtionis
1667 2483 1990 2552 suspicione.
2063 2481 2198 2556 Nau}
2233 2484 2430 2537 verba}

1354 2552 1475 2604 ἐπεὶ
1509 2555 1701 2620 μέντοι
1729 2547 2063 2612 Ὡυῖουῖλιός
2093 2571 2173 2612 τις
2197 2551 2433 2622 Ἀγρίπ-

1355 2639 1466 2679 πας
1493 2621 1693 2681 ἱππεὺς
1721 2619 2025 2694 φάρμακον
2061 2623 2122 2674 ἐν
2162 2621 2311 2690 αὐτῷ
2354 2626 2428 2690 τῷ

1354 2692 1719 2763 βουλευτηρίῳ
1758 2693 1820 2744 ἐκ
1857 2692 2157 2756 δακτυλίου
2182 2686 2433 2762 ῥοφήσας

1354 2759 1604 2813 ἀπέθανε
1630 2789 1700 2801 --
1726 2780 1947 2830 prorsus
1972 2760 2043 2812 ibi
2069 2761 2260 2813 adsunt
2287 2758 2431 2831 prae-

1355 2837 1441 2880 ter
1470 2840 1794 2882 structuram
1824 2829 2201 2897 rationemque
2239 2829 2362 2881 loci.

1426 2916 1497 2948 ne
1515 2897 1789 2961 Tigranes
1815 2899 2054 2965 quideml
2127 2897 2426 2967 effloseph.

1356 2965 1486 3018 Ant.
1519 2967 1598 3023 18,
1629 2966 1678 3017 5.
2370 2967 2375 2976 ’

1424 3039 1532 3085 duo
1561 3032 1774 3086 Blaesu'.
1847 3030 1923 3083 Ex
1949 3033 2224 3086 verissima
2250 3054 2428 3086 emen·

1353 3104 1462 3156 dat.
1516 3102 1564 3153 R
1606 3102 1710 3154 ekii
1774 3111 1825 3152 et
1892 3102 2072 3153 Iacob.
2136 3101 2423 3155 Gronovii.
2448 3114 2457 3119 “

1351 3172 1489 3228 Edd.
1586 3170 1785 3223 eroald.
1834 3169 1955 3222 Alc.
2009 3169 2255 3224 Rhenan.
2307 3190 2423 3242 sqq.

1353 3241 1582 3293 Blaesii
1604 3251 1656 3292 et
1684 3258 1810 3290 mox
1839 3235 2093 3292 Bla'esieae.
2163 3241 2231 3292 Et
2257 3242 2425 3293 Blae-

1350 3313 1430 3362 sis
1460 3308 1679 3377 quidem
1708 3309 1814 3360 Iac.
1846 3307 2095 3363 Gronov.
2124 3328 2153 3360 e
2174 3310 2302 3361 MS.
2334 3329 2425 3361 no·

1351 3389 1586 3440 taverat3
1622 3378 1688 3428 de
1718 3375 2059 3431 nominativo
2085 3380 2319 3442 Blaesi,
2358 3383 2422 3430 a‘n

1350 3446 1426 3498 ibvi
1453 3446 1550 3516 sit,
1582 3448 1818 3499 incertus
1843 3457 1974 3499 erat.
2047 3447 2151 3499 Sed
2184 3447 2252 3501 cf.
2278 3451 2322 3510 1,
2344 3449 2425 3501 16.
2450 3502 2455 3508 ,

1355 3516 1436 3567 19.
1475 3514 1523 3576 3,
1552 3515 1638 3566 72.
1664 3511 1749 3567 74.

1641 3622 1654 3635 .
1684 3623 1697 3635 .
1728 3622 1740 3635 .
1771 3587 2100 3650 prohibitus.
2177 3584 2246 3636 cs.
2284 3585 2426 3637 Sue-

1353 3662 1470 3705 ton.
1501 3653 1656 3706 Gall).
1686 3673 1733 3706 c.
1765 3653 1814 3705 3.

1424 3726 1710 3779 convulsa.
1793 3721 1885 3773 Sc.
1929 3742 1997 3793 op
2041 3742 2186 3774 resso
2226 3722 2420 3774 Seiano

1355 3790 1508 3842 cuius
1539 3790 1759 3843 Blaesus
1788 3809 1997 3843 avuncu
2033 3811 2094 3842 us
2121 3801 2249 3843 erat.
2289 3791 2363 3843 cf.
2390 3790 2423 3844 3

1419 3932 1625 3980 rettuli.

1351 3996 1531 4117 (quinti
1591 4009 1740 4067 parte
1808 3998 2099 4068 deperdita.

1733 3899 1888 3980 Haud
1952 3929 2113 3981 dubie
2150 3928 2229 3978 sn
2301 3928 2423 3979 libri

2208 3995 2421 4054 Druso,

1345 4115 1356 4132 ἱ
1410 4068 1664 4118 ermanici
1696 4067 1883 4122 lilioso.
1912 4065 1999 4118 ΞΒ.

1421 4137 1777 4187 intestabilis.
1851 4135 2070 4186 Sallust.
2102 4134 2216 4202 lug.
2262 4155 2305 4185 c.
2336 4135 2420 4184 67.

1352 4206 1637 4270 improbus
1663 4206 2113 4271 intestabilisque.

1420 4282 1590 4337 patet·
1640 4274 1902 4338 Lepidus.
2015 4269 2128 4339 Qui
2180 4283 2423 4325 mortuus

1354 4342 1544 4411 legitur
1582 4363 1628 4398 c.
1665 4344 1752 4397 27.
2176 4367 2177 4370 ¹
