<?xml version="1.0" encoding="UTF-8"?>
<!DOCTYPE html PUBLIC "-//W3C//DTD XHTML 1.0 Transitional//EN"
    "http://www.w3.org/TR/xhtml1/DTD/xhtml1-transitional.dtd">
<html xmlns="http://www.w3.org/1999/xhtml" xml:lang="en" lang="en">
 <head>
  <title>
</title>
<meta http-equiv="Content-Type" content="text/html;charset=utf-8" />
  <meta name='ocr-system' content='tesseract 3.04.00' />
  <meta name='ocr-capabilities' content='ocr_page ocr_carea ocr_par ocr_line ocrx_word'/>
</head>
<body>
  <div class='ocr_page' id='page_1' title='image "./operavolume00waltgoog_0253.png"; bbox 0 0 2794 5085; ppageno 0'>
   <div class='ocr_carea' id='block_1_1' title="bbox 873 319 2491 426">
    <p class='ocr_par' dir='ltr' id='par_1_1' title="bbox 873 319 2491 426">
     <span class='ocr_line' id='line_1_1' title="bbox 873 319 2491 426; baseline 0.015 -36"><span class='ocrx_word' id='word_1_1' title='bbox 873 319 1080 404; x_wconf 84' lang='lat' dir='ltr'><strong>LIB.</strong></span> <span class='ocrx_word' id='word_1_2' title='bbox 1122 321 1213 397; x_wconf 87' lang='grc' dir='ltr'><strong>ΙΙ.</strong></span> <span class='ocrx_word' id='word_1_3' title='bbox 1292 321 1695 405; x_wconf 70' lang='lat' dir='ltr'><strong>GAP.265.</strong></span> <span class='ocrx_word' id='word_1_4' title='bbox 1737 331 1860 406; x_wconf 85' lang='lat'><strong>66.</strong></span> <span class='ocrx_word' id='word_1_5' title='bbox 2256 415 2265 426; x_wconf 21' lang='lat'><strong>,¹</strong></span> <span class='ocrx_word' id='word_1_6' title='bbox 2315 340 2491 415; x_wconf 71' lang='lat'><strong>‘193</strong></span> 
     </span>
    </p>
   </div>
   <div class='ocr_carea' id='block_1_2' title="bbox 122 469 2487 1382">
    <p class='ocr_par' dir='ltr' id='par_1_2' title="bbox 122 469 2487 1300">
     <span class='ocr_line' id='line_1_2' title="bbox 238 469 2487 569; baseline 0.011 -27"><span class='ocrx_word' id='word_1_7' title='bbox 238 473 486 544; x_wconf 83' lang='lat' dir='ltr'><strong>miliae</strong></span> <span class='ocrx_word' id='word_1_8' title='bbox 544 478 732 548; x_wconf 82' lang='lat' dir='ltr'><strong>deos-</strong></span> <span class='ocrx_word' id='word_1_9' title='bbox 782 487 856 556; x_wconf 69' lang='lat' dir='ltr'><strong>et</strong></span> <span class='ocrx_word' id='word_1_10' title='bbox 899 469 1270 569; x_wconf 84' lang='lat' dir='ltr'><strong>hospitalis</strong></span> <span class='ocrx_word' id='word_1_11' title='bbox 1313 493 1623 564; x_wconf 69' lang='lat' dir='ltr'><strong>mensas·</strong></span> <span class='ocrx_word' id='word_1_12' title='bbox 1687 486 2153 560; x_wconf 74' lang='lat' dir='ltr'><strong>obtestantem</strong></span> <span class='ocrx_word' id='word_1_13' title='bbox 2221 496 2487 566; x_wconf 84' lang='lat' dir='ltr'><strong>catenis</strong></span> 
     </span>
     <span class='ocr_line' id='line_1_3' title="bbox 236 574 2483 680; baseline 0.011 -37"><span class='ocrx_word' id='word_1_14' title='bbox 236 590 541 650; x_wconf 54' lang='lat' dir='ltr'><strong>onerat.</strong></span> <span class='ocrx_word' id='word_1_15' title='bbox 619 574 1064 671; x_wconf 78' lang='lat' dir='ltr'>Thraciaque</span> <span class='ocrx_word' id='word_1_16' title='bbox 1104 582 1303 649; x_wconf 87' lang='lat' dir='ltr'><strong>omni</strong></span> <span class='ocrx_word' id='word_1_17' title='bbox 1340 584 1609 673; x_wconf 86' lang='lat' dir='ltr'><strong>potitus</strong></span> <span class='ocrx_word' id='word_1_18' title='bbox 1652 588 1934 680; x_wconf 65' lang='lat' dir='ltr'><strong>,scripsit</strong></span> <span class='ocrx_word' id='word_1_19' title='bbox 1973 593 2063 660; x_wconf 88' lang='lat' dir='ltr'><strong>ad</strong></span> <span class='ocrx_word' id='word_1_20' title='bbox 2104 590 2483 668; x_wconf 84' lang='lat' dir='ltr'>Tiberium</span> 
     </span>
     <span class='ocr_line' id='line_1_4' title="bbox 236 679 2483 773; baseline 0.012 -30"><span class='ocrx_word' id='word_1_21' title='bbox 236 690 541 753; x_wconf 81' lang='lat' dir='ltr'><strong>structas</strong></span> <span class='ocrx_word' id='word_1_22' title='bbox 583 679 728 748; x_wconf 85' lang='lat' dir='ltr'><strong>sibi·</strong></span> <span class='ocrx_word' id='word_1_23' title='bbox 763 679 1093 764; x_wconf 72' lang='lat' dir='ltr'><strong>insid&#39;iaS‚</strong></span> <span class='ocrx_word' id='word_1_24' title='bbox 1161 699 1625 773; x_wconf 77' lang='lat' dir='ltr'><strong>praeventum</strong></span> <span class='ocrx_word' id='word_1_25' title='bbox 1674 679 2166 764; x_wconf 85' lang='lat' dir='ltr'><strong>insidiatorem</strong></span> <span class='ocrx_word' id='word_1_26' title='bbox 2186 689 2217 764; x_wconf 63' lang='grc' dir='ltr'><strong>ε’</strong></span> <span class='ocrx_word' id='word_1_27' title='bbox 2266 699 2483 770; x_wconf 89' lang='lat' dir='ltr'><strong>simul</strong></span> 
     </span>
     <span class='ocr_line' id='line_1_5' title="bbox 232 778 2482 883; baseline 0.011 -37"><span class='ocrx_word' id='word_1_28' title='bbox 232 778 513 848; x_wconf 85' lang='lat' dir='ltr'><strong>bellum</strong></span> <span class='ocrx_word' id='word_1_29' title='bbox 558 783 893 849; x_wconf 85' lang='lat' dir='ltr'><strong>adversus</strong></span> <span class='ocrx_word' id='word_1_30' title='bbox 923 780 1303 856; x_wconf 77' lang='lat' dir='ltr'><strong>Bastarnas</strong></span> <span class='ocrx_word' id='word_1_31' title='bbox 1348 782 1787 881; x_wconf 79' lang='lat' dir='ltr'><strong>Scythasque</strong></span> <span class='ocrx_word' id='word_1_32' title='bbox 1832 796 2300 883; x_wconf 79' lang='lat' dir='ltr'><strong>praetendens</strong></span> <span class='ocrx_word' id='word_1_33' title='bbox 2345 824 2482 870; x_wconf 73' lang='lat' dir='ltr'><strong>no·-</strong></span> 
     </span>
     <span class='ocr_line' id='line_1_6' title="bbox 125 880 2480 981; baseline 0.011 -36"><span class='ocrx_word' id='word_1_34' title='bbox 125 889 136 896; x_wconf 81' lang='grc'><strong>“</strong></span> <span class='ocrx_word' id='word_1_35' title='bbox 228 880 346 947; x_wconf 86' lang='lat' dir='ltr'><strong>vis</strong></span> <span class='ocrx_word' id='word_1_36' title='bbox 390 882 716 972; x_wconf 58' lang='lat' dir='ltr'><strong>peditum</strong></span> <span class='ocrx_word' id='word_1_37' title='bbox 760 898 829 954; x_wconf 90' lang='lat' dir='ltr'><strong>et</strong></span> <span class='ocrx_word' id='word_1_38' title='bbox 875 884 1197 975; x_wconf 71' lang='lat' dir='ltr'><strong>equitum</strong></span> <span class='ocrx_word' id='word_1_39' title='bbox 1238 887 1463 977; x_wconf 83' lang='lat' dir='ltr'><strong>copiis</strong></span> <span class='ocrx_word' id='word_1_40' title='bbox 1507 912 1653 977; x_wconf 85' lang='lat' dir='ltr'><strong>sese</strong></span> <span class='ocrx_word' id='word_1_41' title='bbox 1697 892 2038 981; x_wconf 80' lang='lat' dir='ltr'><strong>firmabat.</strong></span> <span class='ocrx_word' id='word_1_42' title='bbox 2158 898 2480 973; x_wconf 82' lang='lat' dir='ltr'><strong>Molliter</strong></span> 
     </span>
     <span class='ocr_line' id='line_1_7' title="bbox 225 977 2473 1080; baseline 0.012 -31"><span class='ocrx_word' id='word_1_43' title='bbox 225 977 691 1074; x_wconf 85' lang='lat' dir='ltr'><strong>rescriptum,</strong></span> <span class='ocrx_word' id='word_1_44' title='bbox 772 984 832 1051; x_wconf 89' lang='lat' dir='ltr'><strong>si</strong></span> <span class='ocrx_word' id='word_1_45' title='bbox 886 986 1081 1055; x_wconf 85' lang='lat' dir='ltr'><strong>fraus</strong></span> <span class='ocrx_word' id='word_1_46' title='bbox 1144 988 1455 1074; x_wconf 85' lang='lat' dir='ltr'><strong>abesset,</strong></span> <span class='ocrx_word' id='word_1_47' title='bbox 1541 1015 1745 1080; x_wconf 88' lang='lat' dir='ltr'><strong>posse</strong></span> <span class='ocrx_word' id='word_1_48' title='bbox 1801 981 1999 1066; x_wconf 82' lang='lat' dir='ltr'><strong>eum·</strong></span> <span class='ocrx_word' id='word_1_49' title='bbox 2023 997 2473 1076; x_wconf 82' lang='lat' dir='ltr'><strong>innocentiae</strong></span> 
     </span>
     <span class='ocr_line' id='line_1_8' title="bbox 122 1073 2473 1192; baseline 0.011 -43"><span class='ocrx_word' id='word_1_50' title='bbox 122 1089 128 1094; x_wconf 80' lang='grc'><strong><em>’</em></strong></span> <span class='ocrx_word' id='word_1_51' title='bbox 225 1083 445 1151; x_wconf 86' lang='lat' dir='ltr'><strong>fidere</strong></span> <span class='ocrx_word' id='word_1_52' title='bbox 460 1110 480 1151; x_wconf 71' lang='grc' dir='ltr'><strong>εΔ</strong></span> <span class='ocrx_word' id='word_1_53' title='bbox 562 1099 869 1154; x_wconf 86' lang='lat' dir='ltr'><strong>ceterum</strong></span> <span class='ocrx_word' id='word_1_54' title='bbox 916 1110 1147 1179; x_wconf 87' lang='lat' dir='ltr'><strong>neque</strong></span> <span class='ocrx_word' id='word_1_55' title='bbox 1191 1112 1276 1156; x_wconf 63' lang='lat' dir='ltr'><strong>&gt;se</strong></span> <span class='ocrx_word' id='word_1_56' title='bbox 1318 1073 1550 1184; x_wconf 68' lang='lat' dir='ltr'><strong>neqiie</strong></span> <span class='ocrx_word' id='word_1_57' title='bbox 1610 1109 1934 1168; x_wconf 85' lang='lat' dir='ltr'><strong>senatum</strong></span> <span class='ocrx_word' id='word_1_58' title='bbox 1986 1100 2128 1167; x_wconf 91' lang='lat' dir='ltr'><strong>nisi</strong></span> <span class='ocrx_word' id='word_1_59' title='bbox 2192 1106 2473 1192; x_wconf 85' lang='lat' dir='ltr'><strong>cognita</strong></span> 
     </span>
     <span class='ocr_line' id='line_1_9' title="bbox 225 1186 2428 1300; baseline 0.011 -48"><span class='ocrx_word' id='word_1_60' title='bbox 225 1205 439 1254; x_wconf 87' lang='lat' dir='ltr'><strong>causa</strong></span> <span class='ocrx_word' id='word_1_61' title='bbox 465 1186 577 1273; x_wconf 72' lang='lat' dir='ltr'><strong>ius</strong></span> <span class='ocrx_word' id='word_1_62' title='bbox 609 1200 679 1255; x_wconf 92' lang='lat' dir='ltr'><strong>et</strong></span> <span class='ocrx_word' id='word_1_63' title='bbox 708 1187 1050 1274; x_wconf 84' lang='lat' dir='ltr'><strong>iniuriam</strong></span> <span class='ocrx_word' id='word_1_64' title='bbox 1074 1189 1525 1264; x_wconf 79' lang='lat' dir='ltr'><strong>discreturus,</strong></span> <span class='ocrx_word' id='word_1_65' title='bbox 1628 1196 1933 1285; x_wconf 84' lang='lat' dir='ltr'><strong>proinde</strong></span> <span class='ocrx_word' id='word_1_66' title='bbox 1959 1203 2221 1271; x_wconf 83' lang='lat' dir='ltr'><strong>tradito</strong></span> <span class='ocrx_word' id='word_1_67' title='bbox 2246 1203 2428 1300; x_wconf 88' lang='lat' dir='ltr'><strong>Coty</strong></span> 
     </span>
    </p>

    <p class='ocr_par' dir='ltr' id='par_1_3' title="bbox 224 1287 2396 1382">
     <span class='ocr_line' id='line_1_10' title="bbox 224 1287 2396 1382; baseline 0.009 -27"><span class='ocrx_word' id='word_1_68' title='bbox 224 1287 507 1357; x_wconf 86' lang='lat' dir='ltr'><strong>veniret</strong></span> <span class='ocrx_word' id='word_1_69' title='bbox 538 1289 1088 1382; x_wconf 82' lang='lat' dir='ltr'><strong>transferretque</strong></span> <span class='ocrx_word' id='word_1_70' title='bbox 1124 1289 1474 1364; x_wconf 81' lang='lat' dir='ltr'><strong>invidiam</strong></span> <span class='ocrx_word' id='word_1_71' title='bbox 1501 1295 1840 1378; x_wconf 75' lang='lat' dir='ltr'><strong>criminis,</strong></span> <span class='ocrx_word' id='word_1_72' title='bbox 2130 1335 2133 1340; x_wconf 91' lang='lat'>·</span> <span class='ocrx_word' id='word_1_73' title='bbox 2278 1345 2290 1380; x_wconf 65' lang='lat' dir='ltr'><em>s</em></span> <span class='ocrx_word' id='word_1_74' title='bbox 2392 1339 2396 1346; x_wconf 83' lang='lat'><strong>·</strong></span> 
     </span>
    </p>
   </div>
   <div class='ocr_carea' id='block_1_3' title="bbox 349 311 631 418">
    <p class='ocr_par' dir='ltr' id='par_1_4' title="bbox 349 311 631 418">
     <span class='ocr_line' id='line_1_11' title="bbox 349 311 631 418; baseline 0.032 -11"><span class='ocrx_word' id='word_1_75' title='bbox 349 311 415 408; x_wconf 66' lang='lat'><strong>2:</strong></span> <span class='ocrx_word' id='word_1_76' title='bbox 436 312 501 409; x_wconf 66' lang='grc' dir='ltr'><strong>Ξῖ</strong></span> <span class='ocrx_word' id='word_1_77' title='bbox 529 312 631 418; x_wconf 67' lang='grc' dir='ltr'><strong>7ἷέ</strong></span> 
     </span>
    </p>
   </div>
   <div class='ocr_carea' id='block_1_4' title="bbox 115 1449 2529 2461">
    <p class='ocr_par' dir='ltr' id='par_1_5' title="bbox 115 1449 2529 2461">
     <span class='ocr_line' id='line_1_12' title="bbox 432 1449 2529 1558; baseline 0.012 -40"><span class='ocrx_word' id='word_1_78' title='bbox 432 1449 697 1525; x_wconf 84' lang='lat' dir='ltr'><strong>LXVI.</strong></span> <span class='ocrx_word' id='word_1_79' title='bbox 801 1449 944 1522; x_wconf 86' lang='lat' dir='ltr'><strong>Eas</strong></span> <span class='ocrx_word' id='word_1_80' title='bbox 981 1454 1250 1523; x_wconf 82' lang='lat' dir='ltr'><strong>litteras</strong></span> <span class='ocrx_word' id='word_1_81' title='bbox 1277 1454 1608 1526; x_wconf 89' lang='lat' dir='ltr'><strong>Latinius</strong></span> <span class='ocrx_word' id='word_1_82' title='bbox 1635 1457 1926 1552; x_wconf 83' lang='lat' dir='ltr'><strong>Pandus</strong></span> <span class='ocrx_word' id='word_1_83' title='bbox 1967 1467 2095 1556; x_wconf 85' lang='lat' dir='ltr'><strong>pro</strong></span> <span class='ocrx_word' id='word_1_84' title='bbox 2141 1485 2466 1558; x_wconf 88' lang='lat' dir='ltr'><strong>praetore</strong></span> <span class='ocrx_word' id='word_1_85' title='bbox 2528 1507 2529 1510; x_wconf 41' lang='lat'>¹</span> 
     </span>
     <span class='ocr_line' id='line_1_13' title="bbox 194 1550 2465 1658; baseline 0.005 -39"><span class='ocrx_word' id='word_1_86' title='bbox 194 1550 540 1629; x_wconf 69' lang='lat' dir='ltr'><strong>‚Moesiae</strong></span> <span class='ocrx_word' id='word_1_87' title='bbox 580 1560 741 1623; x_wconf 89' lang='lat' dir='ltr'><strong>cum</strong></span> <span class='ocrx_word' id='word_1_88' title='bbox 772 1555 1160 1639; x_wconf 79' lang='lat' dir='ltr'><strong>militibus,</strong></span> <span class='ocrx_word' id='word_1_89' title='bbox 1206 1553 1373 1650; x_wconf 72' lang='lat' dir='ltr'><strong>quis</strong></span> <span class='ocrx_word' id='word_1_90' title='bbox 1392 1556 1609 1654; x_wconf 87' lang='lat' dir='ltr'><strong>Cotys</strong></span> <span class='ocrx_word' id='word_1_91' title='bbox 1639 1555 2072 1658; x_wconf 62' lang='lat' dir='ltr'><strong>traderetur,</strong></span> <span class='ocrx_word' id='word_1_92' title='bbox 2122 1570 2201 1637; x_wconf 89' lang='lat' dir='ltr'><strong>in</strong></span> <span class='ocrx_word' id='word_1_93' title='bbox 2227 1568 2465 1644; x_wconf 89' lang='lat' dir='ltr'><strong>Thra..</strong></span> 
     </span>
     <span class='ocr_line' id='line_1_14' title="bbox 129 1652 2475 1749; baseline 0.01 -28"><span class='ocrx_word' id='word_1_94' title='bbox 129 1715 140 1727; x_wconf 85' lang='lat'>,</span> <span class='ocrx_word' id='word_1_95' title='bbox 218 1654 405 1722; x_wconf 88' lang='lat' dir='ltr'><strong>ciam</strong></span> <span class='ocrx_word' id='word_1_96' title='bbox 428 1655 644 1728; x_wconf 85' lang='lat' dir='ltr'><strong>misit.</strong></span> <span class='ocrx_word' id='word_1_97' title='bbox 748 1652 1235 1749; x_wconf 85' lang='lat' dir='ltr'><strong>Rhescuporis</strong></span> <span class='ocrx_word' id='word_1_98' title='bbox 1279 1659 1471 1729; x_wconf 84' lang='lat' dir='ltr'><strong>inter</strong></span> <span class='ocrx_word' id='word_1_99' title='bbox 1516 1678 1791 1733; x_wconf 87' lang='lat' dir='ltr'><strong>metum</strong></span> <span class='ocrx_word' id='word_1_100' title='bbox 1839 1681 1906 1735; x_wconf 88' lang='lat' dir='ltr'><strong>et</strong></span> <span class='ocrx_word' id='word_1_101' title='bbox 1951 1668 2132 1737; x_wconf 85' lang='lat' dir='ltr'><strong>iram</strong></span> <span class='ocrx_word' id='word_1_102' title='bbox 2173 1673 2475 1746; x_wconf 77' lang='lat' dir='ltr'><strong>cuncta-&#39;</strong></span> 
     </span>
     <span class='ocr_line' id='line_1_15' title="bbox 214 1755 2461 1856; baseline 0.01 -30"><span class='ocrx_word' id='word_1_103' title='bbox 214 1769 331 1826; x_wconf 88' lang='lat' dir='ltr'><strong>tus</strong></span> <span class='ocrx_word' id='word_1_104' title='bbox 367 1758 624 1827; x_wconf 89' lang='lat' dir='ltr'><strong>maluit</strong></span> <span class='ocrx_word' id='word_1_105' title='bbox 661 1759 921 1856; x_wconf 76' lang='lat' dir='ltr'><strong>patrati</strong></span> <span class='ocrx_word' id='word_1_106' title='bbox 958 1784 1171 1851; x_wconf 88' lang='lat' dir='ltr'><strong>quam</strong></span> <span class='ocrx_word' id='word_1_107' title='bbox 1220 1755 1485 1853; x_wconf 86' lang='lat' dir='ltr'><strong>incepti</strong></span> <span class='ocrx_word' id='word_1_108' title='bbox 1515 1765 1851 1836; x_wconf 86' lang='lat' dir='ltr'><strong>facinoris</strong></span> <span class='ocrx_word' id='word_1_109' title='bbox 1901 1793 2064 1839; x_wconf 90' lang='lat' dir='ltr'><strong>reus</strong></span> <span class='ocrx_word' id='word_1_110' title='bbox 2103 1797 2284 1844; x_wconf 87' lang='lat' dir='ltr'><strong>esse:</strong></span> <span class='ocrx_word' id='word_1_111' title='bbox 2338 1802 2461 1849; x_wconf 82' lang='lat' dir='ltr'><strong>oc-</strong></span> 
     </span>
     <span class='ocr_line' id='line_1_16' title="bbox 215 1856 2459 1960; baseline 0.01 -35"><span class='ocrx_word' id='word_1_112' title='bbox 215 1858 359 1926; x_wconf 91' lang='lat' dir='ltr'><strong>cidi</strong></span> <span class='ocrx_word' id='word_1_113' title='bbox 391 1856 627 1953; x_wconf 82' lang='lat' dir='ltr'><strong>Cotyn</strong></span> <span class='ocrx_word' id='word_1_114' title='bbox 656 1861 854 1929; x_wconf 86' lang='lat' dir='ltr'><strong>iubet</strong></span> <span class='ocrx_word' id='word_1_115' title='bbox 890 1876 1329 1958; x_wconf 85' lang='lat' dir='ltr'><strong>mortemque</strong></span> <span class='ocrx_word' id='word_1_116' title='bbox 1372 1879 1621 1954; x_wconf 88' lang='lat' dir='ltr'><strong>sponte</strong></span> <span class='ocrx_word' id='word_1_117' title='bbox 1667 1884 2019 1960; x_wconf 83' lang='lat' dir='ltr'><strong>sumptam</strong></span> <span class='ocrx_word' id='word_1_118' title='bbox 2057 1878 2459 1954; x_wconf 87' lang='lat' dir='ltr'><strong>ementitur.</strong></span> 
     </span>
     <span class='ocr_line' id='line_1_17' title="bbox 148 1956 2458 2060; baseline 0.01 -34"><span class='ocrx_word' id='word_1_119' title='bbox 148 1994 154 2004; x_wconf 74' lang='lat'>=</span> <span class='ocrx_word' id='word_1_120' title='bbox 213 1956 624 2044; x_wconf 58' lang='lat' dir='ltr'><strong>Neqtamen</strong></span> <span class='ocrx_word' id='word_1_121' title='bbox 654 1958 910 2031; x_wconf 88' lang='lat' dir='ltr'><strong>Caesar</strong></span> <span class='ocrx_word' id='word_1_122' title='bbox 952 1963 1242 2054; x_wconf 85' lang='lat' dir='ltr'><strong>placitas</strong></span> <span class='ocrx_word' id='word_1_123' title='bbox 1288 1966 1505 2033; x_wconf 89' lang='lat' dir='ltr'><strong>semel</strong></span> <span class='ocrx_word' id='word_1_124' title='bbox 1548 1982 1731 2035; x_wconf 86' lang='lat' dir='ltr'><strong>artes</strong></span> <span class='ocrx_word' id='word_1_125' title='bbox 1772 1975 2110 2060; x_wconf 87' lang='lat' dir='ltr'><strong>mutavit,</strong></span> <span class='ocrx_word' id='word_1_126' title='bbox 2138 1979 2286 2045; x_wconf 79' lang='lat' dir='ltr'><strong>sed</strong></span> <span class='ocrx_word' id='word_1_127' title='bbox 2331 1981 2458 2048; x_wconf 85' lang='lat' dir='ltr'><strong>de-</strong></span> 
     </span>
     <span class='ocr_line' id='line_1_18' title="bbox 213 2059 2455 2169; baseline 0.004 -40"><span class='ocrx_word' id='word_1_128' title='bbox 213 2062 456 2130; x_wconf 86' lang='lat' dir='ltr'><strong>functo</strong></span> <span class='ocrx_word' id='word_1_129' title='bbox 499 2059 789 2146; x_wconf 89' lang='lat' dir='ltr'><strong>Pando,</strong></span> <span class='ocrx_word' id='word_1_130' title='bbox 843 2088 1055 2156; x_wconf 90' lang='lat' dir='ltr'><strong>quem</strong></span> <span class='ocrx_word' id='word_1_131' title='bbox 1100 2065 1237 2133; x_wconf 88' lang='lat' dir='ltr'><strong>sibi</strong></span> <span class='ocrx_word' id='word_1_132' title='bbox 1282 2066 1644 2148; x_wconf 78' lang='lat' dir='ltr'><strong>infensum</strong></span> <span class='ocrx_word' id='word_1_133' title='bbox 1670 2065 2157 2165; x_wconf 85' lang='lat' dir='ltr'><strong>Rhescuporis</strong></span> <span class='ocrx_word' id='word_1_134' title='bbox 2202 2103 2455 2169; x_wconf 82' lang='lat' dir='ltr'><strong>argue..</strong></span> 
     </span>
     <span class='ocr_line' id='line_1_19' title="bbox 209 2162 2451 2261; baseline 0.009 -30"><span class='ocrx_word' id='word_1_135' title='bbox 209 2163 366 2248; x_wconf 86' lang='lat' dir='ltr'><strong>bat,</strong></span> <span class='ocrx_word' id='word_1_136' title='bbox 408 2162 892 2254; x_wconf 82' lang='lat' dir='ltr'><strong>Pomponium</strong></span> <span class='ocrx_word' id='word_1_137' title='bbox 915 2162 1248 2236; x_wconf 84' lang='lat' dir='ltr'><strong>Flaccum</strong></span> <span class='ocrx_word' id='word_1_138' title='bbox 1276 2181 1588 2236; x_wconf 87' lang='lat' dir='ltr'><strong>veterem</strong></span> <span class='ocrx_word' id='word_1_139' title='bbox 1620 2170 1991 2261; x_wconf 87' lang='lat' dir='ltr'><strong>stipendiis</strong></span> <span class='ocrx_word' id='word_1_140' title='bbox 2018 2190 2085 2244; x_wconf 90' lang='lat' dir='ltr'><strong>et</strong></span> <span class='ocrx_word' id='word_1_141' title='bbox 2111 2193 2257 2247; x_wconf 87' lang='lat' dir='ltr'><strong>arta</strong></span> <span class='ocrx_word' id='word_1_142' title='bbox 2287 2206 2451 2260; x_wconf 87' lang='lat' dir='ltr'><strong>cum</strong></span> 
     </span>
     <span class='ocr_line' id='line_1_20' title="bbox 115 2265 2483 2366; baseline 0.008 -33"><span class='ocrx_word' id='word_1_143' title='bbox 115 2349 124 2352; x_wconf 19' lang='grc' dir='ltr'>Λ</span> <span class='ocrx_word' id='word_1_144' title='bbox 192 2288 372 2353; x_wconf 86' lang='lat' dir='ltr'><strong>-rege</strong></span> <span class='ocrx_word' id='word_1_145' title='bbox 406 2265 715 2334; x_wconf 87' lang='lat' dir='ltr'><strong>amicitia</strong></span> <span class='ocrx_word' id='word_1_146' title='bbox 752 2287 975 2366; x_wconf 84' lang='lat' dir='ltr'><strong>eoque</strong></span> <span class='ocrx_word' id='word_1_147' title='bbox 1017 2269 1726 2354; x_wconf 81' lang='lat' dir='ltr'><strong>accommodatiorem</strong></span> <span class='ocrx_word' id='word_1_148' title='bbox 1771 2276 1857 2343; x_wconf 91' lang='lat' dir='ltr'><strong>ad</strong></span> <span class='ocrx_word' id='word_1_149' title='bbox 1896 2277 2302 2362; x_wconf 15' lang='lat' dir='ltr'><strong>&#39;fallendum</strong></span> <span class='ocrx_word' id='word_1_150' title='bbox 2354 2285 2483 2353; x_wconf 85' lang='lat' dir='ltr'><strong>ob·</strong></span> 
     </span>
     <span class='ocr_line' id='line_1_21' title="bbox 210 2361 1353 2461; baseline 0 -25"><span class='ocrx_word' id='word_1_151' title='bbox 210 2366 285 2436; x_wconf 91' lang='lat' dir='ltr'><strong>id</strong></span> <span class='ocrx_word' id='word_1_152' title='bbox 315 2368 621 2461; x_wconf 84' lang='lat' dir='ltr'><strong>maxime</strong></span> <span class='ocrx_word' id='word_1_153' title='bbox 648 2361 968 2438; x_wconf 78' lang='lat' dir='ltr'><strong>Moesiae</strong></span> <span class='ocrx_word' id='word_1_154' title='bbox 1000 2370 1353 2461; x_wconf 86' lang='lat' dir='ltr'><strong>praefecit.</strong></span> 
     </span>
    </p>
   </div>
   <div class='ocr_carea' id='block_1_5' title="bbox 202 2640 2501 2935">
    <p class='ocr_par' dir='ltr' id='par_1_6' title="bbox 202 2640 2501 2935">
     <span class='ocr_line' id='line_1_22' title="bbox 271 2640 2442 2739; baseline 0.01 -39"><span class='ocrx_word' id='word_1_155' title='bbox 271 2647 614 2711; x_wconf 72' lang='lat' dir='ltr'><strong>Bastarnas.</strong></span> <span class='ocrx_word' id='word_1_156' title='bbox 666 2650 997 2703; x_wconf 58' lang='lat' dir='ltr'><strong>Basternas</strong></span> <span class='ocrx_word' id='word_1_157' title='bbox 1022 2651 1139 2704; x_wconf 88' lang='lat' dir='ltr'><strong>edd.</strong></span> <span class='ocrx_word' id='word_1_158' title='bbox 1157 2651 1281 2705; x_wconf 88' lang='lat' dir='ltr'><strong>Ber.</strong></span> <span class='ocrx_word' id='word_1_159' title='bbox 1368 2655 1599 2716; x_wconf 88' lang='lat' dir='ltr'><strong>ehenae‚</strong></span> <span class='ocrx_word' id='word_1_160' title='bbox 1637 2640 1992 2723; x_wconf 71' lang='lat' dir='ltr'><strong>Freinshemii</strong></span> <span class='ocrx_word' id='word_1_161' title='bbox 2023 2671 2073 2714; x_wconf 86' lang='lat' dir='ltr'><strong>et</strong></span> <span class='ocrx_word' id='word_1_162' title='bbox 2092 2661 2311 2733; x_wconf 77' lang='lat' dir='ltr'><strong>Ryckii,</strong></span> <span class='ocrx_word' id='word_1_163' title='bbox 2338 2668 2442 2739; x_wconf 82' lang='lat' dir='ltr'><strong>qui</strong></span> 
     </span>
     <span class='ocr_line' id='line_1_23' title="bbox 209 2716 2440 2798; baseline 0.008 -30"><span class='ocrx_word' id='word_1_164' title='bbox 209 2719 259 2781; x_wconf 88' lang='lat' dir='ltr'><strong>(e</strong></span> <span class='ocrx_word' id='word_1_165' title='bbox 277 2716 537 2770; x_wconf 90' lang='lat' dir='ltr'><strong>cod.MS.</strong></span> <span class='ocrx_word' id='word_1_166' title='bbox 555 2727 615 2770; x_wconf 91' lang='lat' dir='ltr'><strong>ut</strong></span> <span class='ocrx_word' id='word_1_167' title='bbox 632 2717 865 2787; x_wconf 79' lang='lat' dir='ltr'><strong>videtur)</strong></span> <span class='ocrx_word' id='word_1_168' title='bbox 881 2719 1056 2771; x_wconf 87' lang='lat' dir='ltr'><strong>Berne</strong></span> <span class='ocrx_word' id='word_1_169' title='bbox 1098 2740 1144 2790; x_wconf 85' lang='lat' dir='ltr'><strong>g.</strong></span> <span class='ocrx_word' id='word_1_170' title='bbox 1164 2739 1279 2792; x_wconf 85' lang='lat' dir='ltr'><strong>sqq.</strong></span> <span class='ocrx_word' id='word_1_171' title='bbox 1368 2723 1619 2778; x_wconf 82' lang='lat' dir='ltr'><strong>volebant</strong></span> <span class='ocrx_word' id='word_1_172' title='bbox 1660 2739 1902 2780; x_wconf 83' lang='lat' dir='ltr'><strong>veterem</strong></span> <span class='ocrx_word' id='word_1_173' title='bbox 1937 2732 2215 2798; x_wconf 56' lang='lat' dir='ltr'><strong>stipendii.</strong></span> <span class='ocrx_word' id='word_1_174' title='bbox 2300 2736 2440 2790; x_wconf 80' lang='lat' dir='ltr'><strong>Nam</strong></span> 
     </span>
     <span class='ocr_line' id='line_1_24' title="bbox 202 2786 2441 2860; baseline 0.008 -19"><span class='ocrx_word' id='word_1_175' title='bbox 202 2786 530 2841; x_wconf 78' lang='lat' dir='ltr'><strong>Bastarnas</strong></span> <span class='ocrx_word' id='word_1_176' title='bbox 580 2786 701 2840; x_wconf 89' lang='lat' dir='ltr'><strong>edd.</strong></span> <span class='ocrx_word' id='word_1_177' title='bbox 747 2787 924 2839; x_wconf 80' lang='lat' dir='ltr'><strong>Rhen.</strong></span> <span class='ocrx_word' id='word_1_178' title='bbox 965 2787 1033 2840; x_wconf 85' lang='lat' dir='ltr'><strong>Al</strong></span> <span class='ocrx_word' id='word_1_179' title='bbox 1075 2825 1092 2842; x_wconf 88' lang='lat'><strong>.</strong></span> <span class='ocrx_word' id='word_1_180' title='bbox 1134 2788 1275 2859; x_wconf 81' lang='lat' dir='ltr'><strong>Lips.</strong></span> <span class='ocrx_word' id='word_1_181' title='bbox 1364 2792 1474 2844; x_wconf 89' lang='lat' dir='ltr'><strong>duo</strong></span> <span class='ocrx_word' id='word_1_182' title='bbox 1508 2805 1697 2854; x_wconf 42' lang='lat' dir='ltr'><strong>suntw</strong></span> <span class='ocrx_word' id='word_1_183' title='bbox 1771 2814 1867 2848; x_wconf 78' lang='lat' dir='ltr'><strong>uae</strong></span> <span class='ocrx_word' id='word_1_184' title='bbox 1902 2796 2034 2852; x_wconf 85' lang='lat' dir='ltr'><strong>huic</strong></span> <span class='ocrx_word' id='word_1_185' title='bbox 2069 2792 2441 2860; x_wconf 81' lang='lat' dir='ltr'><strong>emendationi</strong></span> 
     </span>
     <span class='ocr_line' id='line_1_25' title="bbox 202 2853 2501 2935; baseline 0.01 -30"><span class='ocrx_word' id='word_1_186' title='bbox 202 2853 354 2915; x_wconf 83' lang='lat' dir='ltr'><strong>Pich.</strong></span> <span class='ocrx_word' id='word_1_187' title='bbox 378 2853 600 2907; x_wconf 80' lang='lat' dir='ltr'><strong>Gruter.</strong></span> <span class='ocrx_word' id='word_1_188' title='bbox 628 2866 680 2906; x_wconf 86' lang='lat' dir='ltr'><strong>et</strong></span> <span class='ocrx_word' id='word_1_189' title='bbox 710 2875 884 2927; x_wconf 80' lang='lat' dir='ltr'><strong>nuper</strong></span> <span class='ocrx_word' id='word_1_190' title='bbox 899 2855 1281 2927; x_wconf 75' lang='lat' dir='ltr'><strong>Kiesslingius3</strong></span> <span class='ocrx_word' id='word_1_191' title='bbox 1364 2860 1595 2914; x_wconf 76' lang='lat' dir='ltr'><strong>obstent.</strong></span> <span class='ocrx_word' id='word_1_192' title='bbox 1665 2863 1946 2927; x_wconf 77' lang='lat' dir='ltr'><strong>Primum,</strong></span> <span class='ocrx_word' id='word_1_193' title='bbox 1984 2869 2130 2935; x_wconf 89' lang='lat' dir='ltr'><strong>quod</strong></span> <span class='ocrx_word' id='word_1_194' title='bbox 2154 2869 2441 2929; x_wconf 74' lang='lat' dir='ltr'><strong>Ernestius</strong></span> <span class='ocrx_word' id='word_1_195' title='bbox 2497 2928 2501 2935; x_wconf 68' lang='grc'><strong>,</strong></span> 
     </span>
    </p>
   </div>
   <div class='ocr_carea' id='block_1_6' title="bbox 192 2922 1306 3484">
    <p class='ocr_par' dir='ltr' id='par_1_7' title="bbox 192 2922 1306 3484">
     <span class='ocr_line' id='line_1_26' title="bbox 201 2922 1275 2994; baseline 0.002 -21"><span class='ocrx_word' id='word_1_196' title='bbox 201 2933 252 2976; x_wconf 85' lang='lat' dir='ltr'><strong>et</strong></span> <span class='ocrx_word' id='word_1_197' title='bbox 284 2922 363 2976; x_wconf 84' lang='lat' dir='ltr'><strong>sic</strong></span> <span class='ocrx_word' id='word_1_198' title='bbox 395 2922 506 2991; x_wconf 71' lang='lat' dir='ltr'><strong>Dio</strong></span> <span class='ocrx_word' id='word_1_199' title='bbox 545 2935 598 2976; x_wconf 85' lang='lat' dir='ltr'><strong>et</strong></span> <span class='ocrx_word' id='word_1_200' title='bbox 636 2924 795 2979; x_wconf 83' lang='lat' dir='ltr'><strong>inser.</strong></span> <span class='ocrx_word' id='word_1_201' title='bbox 840 2925 982 2994; x_wconf 83' lang='lat' dir='ltr'><strong>apud</strong></span> <span class='ocrx_word' id='word_1_202' title='bbox 1013 2924 1275 2985; x_wconf 85' lang='lat' dir='ltr'><strong>Piranesi,</strong></span> 
     </span>
     <span class='ocr_line' id='line_1_27' title="bbox 199 2991 1306 3066; baseline 0.003 -23"><span class='ocrx_word' id='word_1_203' title='bbox 199 2994 329 3063; x_wconf 75' lang='grc' dir='ltr'><strong>ᾼηι.</strong></span> <span class='ocrx_word' id='word_1_204' title='bbox 372 2993 539 3044; x_wconf 84' lang='lat' dir='ltr'><strong>Rom.</strong></span> <span class='ocrx_word' id='word_1_205' title='bbox 589 2993 695 3044; x_wconf 80' lang='lat' dir='ltr'><strong>tab.</strong></span> <span class='ocrx_word' id='word_1_206' title='bbox 733 2994 833 3066; x_wconf 55' lang='lat' dir='ltr'><strong>XI.</strong></span> <span class='ocrx_word' id='word_1_207' title='bbox 927 2991 1101 3046; x_wconf 89' lang='lat' dir='ltr'><strong>Paulo</strong></span> <span class='ocrx_word' id='word_1_208' title='bbox 1152 3005 1306 3066; x_wconf 61' lang='lat' dir='ltr'><strong>ante,</strong></span> 
     </span>
     <span class='ocr_line' id='line_1_28' title="bbox 198 3060 1064 3123; baseline 0.002 -11"><span class='ocrx_word' id='word_1_209' title='bbox 198 3061 282 3114; x_wconf 89' lang='lat' dir='ltr'><strong>ed.</strong></span> <span class='ocrx_word' id='word_1_210' title='bbox 302 3060 428 3113; x_wconf 81' lang='lat' dir='ltr'><strong>Ald.</strong></span> <span class='ocrx_word' id='word_1_211' title='bbox 452 3061 775 3123; x_wconf 76' lang='lat' dir='ltr'><strong>hospitaleis</strong></span> <span class='ocrx_word' id='word_1_212' title='bbox 801 3062 878 3113; x_wconf 87' lang='lat' dir='ltr'><strong>uti</strong></span> <span class='ocrx_word' id='word_1_213' title='bbox 909 3062 1064 3114; x_wconf 83' lang='lat' dir='ltr'><strong>solet.</strong></span> 
     </span>
     <span class='ocr_line' id='line_1_29' title="bbox 263 3124 1269 3197; baseline 0.002 -17"><span class='ocrx_word' id='word_1_214' title='bbox 263 3130 618 3197; x_wconf 80' lang='lat' dir='ltr'><strong>transferret.</strong></span> <span class='ocrx_word' id='word_1_215' title='bbox 704 3124 793 3183; x_wconf 86' lang='lat' dir='ltr'><strong>Sc.</strong></span> <span class='ocrx_word' id='word_1_216' title='bbox 817 3129 893 3182; x_wconf 86' lang='lat' dir='ltr'><strong>-in</strong></span> <span class='ocrx_word' id='word_1_217' title='bbox 932 3128 1131 3189; x_wconf 83' lang='lat' dir='ltr'><strong>alium,</strong></span> <span class='ocrx_word' id='word_1_218' title='bbox 1176 3129 1269 3182; x_wconf 88' lang='lat' dir='ltr'><strong>in-</strong></span> 
     </span>
     <span class='ocr_line' id='line_1_30' title="bbox 196 3196 1271 3270; baseline 0.001 -19"><span class='ocrx_word' id='word_1_219' title='bbox 196 3196 527 3270; x_wconf 87' lang='lat' dir='ltr'><strong>tell.Cotyn,</strong></span> <span class='ocrx_word' id='word_1_220' title='bbox 563 3217 726 3270; x_wconf 89' lang='lat' dir='ltr'><strong>quem</strong></span> <span class='ocrx_word' id='word_1_221' title='bbox 752 3207 1093 3253; x_wconf 86' lang='lat' dir='ltr'><strong>accusaverat</strong></span> <span class='ocrx_word' id='word_1_222' title='bbox 1121 3203 1271 3252; x_wconf 72' lang='lat' dir='ltr'><strong>stru-</strong></span> 
     </span>
     <span class='ocr_line' id='line_1_31' title="bbox 193 3262 1268 3338; baseline 0.004 -20"><span class='ocrx_word' id='word_1_223' title='bbox 193 3266 323 3321; x_wconf 73' lang='lat' dir='ltr'><strong>xisse</strong></span> <span class='ocrx_word' id='word_1_224' title='bbox 371 3262 610 3319; x_wconf 84' lang='lat' dir='ltr'><strong>insidias.</strong></span> <span class='ocrx_word' id='word_1_225' title='bbox 706 3266 798 3336; x_wconf 79' lang='lat' dir='ltr'><strong>Sic</strong></span> <span class='ocrx_word' id='word_1_226' title='bbox 840 3266 1067 3321; x_wconf 84' lang='lat' dir='ltr'><strong>Sueten.</strong></span> <span class='ocrx_word' id='word_1_227' title='bbox 1094 3267 1268 3338; x_wconf 83' lang='lat' dir='ltr'><strong>,Vesp.</strong></span> 
     </span>
     <span class='ocr_line' id='line_1_32' title="bbox 193 3334 1264 3404; baseline -0.002 -15"><span class='ocrx_word' id='word_1_228' title='bbox 193 3355 239 3389; x_wconf 87' lang='lat' dir='ltr'><strong>c.</strong></span> <span class='ocrx_word' id='word_1_229' title='bbox 271 3334 359 3399; x_wconf 77' lang='grc'><strong>23.</strong></span> <span class='ocrx_word' id='word_1_230' title='bbox 394 3345 455 3387; x_wconf 79' lang='lat' dir='ltr'><strong>ut</strong></span> <span class='ocrx_word' id='word_1_231' title='bbox 491 3335 763 3389; x_wconf 77' lang='lat' dir='ltr'><strong>invidiam</strong></span> <span class='ocrx_word' id='word_1_232' title='bbox 803 3337 998 3404; x_wconf 80' lang='lat' dir='ltr'><strong>aliqua</strong></span> <span class='ocrx_word' id='word_1_233' title='bbox 1032 3338 1264 3388; x_wconf 81' lang='lat' dir='ltr'><strong>cavilla-</strong></span> 
     </span>
     <span class='ocr_line' id='line_1_33' title="bbox 192 3406 1267 3484; baseline 0.003 -30"><span class='ocrx_word' id='word_1_234' title='bbox 192 3406 339 3457; x_wconf 72' lang='lat' dir='ltr'><strong>tione</strong></span> <span class='ocrx_word' id='word_1_235' title='bbox 394 3406 636 3459; x_wconf 78' lang='lat' dir='ltr'><strong>dilueret,</strong></span> <span class='ocrx_word' id='word_1_236' title='bbox 696 3406 1135 3484; x_wconf 59' lang='lat' dir='ltr'><strong>transferretque</strong></span> <span class='ocrx_word' id='word_1_237' title='bbox 1185 3410 1267 3457; x_wconf 80' lang='lat' dir='ltr'><strong>ad</strong></span> 
     </span>
    </p>
   </div>
   <div class='ocr_carea' id='block_1_7' title="bbox 188 3477 1260 3606">
    <p class='ocr_par' dir='ltr' id='par_1_8' title="bbox 188 3477 1260 3606">
     <span class='ocr_line' id='line_1_34' title="bbox 188 3477 1260 3606; baseline 0.005 -15"><span class='ocrx_word' id='word_1_238' title='bbox 188 3477 391 3605; x_wconf 46' lang='lat' dir='ltr'><strong>‘aggia</strong></span> <span class='ocrx_word' id='word_1_239' title='bbox 415 3540 502 3594; x_wconf 86' lang='lat'><strong>66.</strong></span> <span class='ocrx_word' id='word_1_240' title='bbox 566 3558 680 3606; x_wconf 84' lang='lat' dir='ltr'><strong>pro</strong></span> <span class='ocrx_word' id='word_1_241' title='bbox 701 3540 969 3606; x_wconf 73' lang='lat' dir='ltr'><strong>praetore</strong></span> <span class='ocrx_word' id='word_1_242' title='bbox 997 3540 1260 3596; x_wconf 79' lang='lat' dir='ltr'><strong>Moesiae.</strong></span> 
     </span>
    </p>
   </div>
   <div class='ocr_carea' id='block_1_8' title="bbox 115 3607 1261 4369">
    <p class='ocr_par' dir='ltr' id='par_1_9' title="bbox 115 3607 1261 3818">
     <span class='ocr_line' id='line_1_35' title="bbox 190 3607 1261 3665; baseline 0.003 -4"><span class='ocrx_word' id='word_1_243' title='bbox 190 3607 280 3665; x_wconf 78' lang='lat' dir='ltr'><strong>Sic.</strong></span> <span class='ocrx_word' id='word_1_244' title='bbox 319 3612 407 3663; x_wconf 89' lang='lat' dir='ltr'><strong>ed.</strong></span> <span class='ocrx_word' id='word_1_245' title='bbox 448 3608 699 3663; x_wconf 85' lang='lat' dir='ltr'><strong>Beroald.</strong></span> <span class='ocrx_word' id='word_1_246' title='bbox 741 3628 768 3659; x_wconf 92' lang='lat' dir='ltr'><strong>e</strong></span> <span class='ocrx_word' id='word_1_247' title='bbox 806 3610 928 3662; x_wconf 91' lang='lat' dir='ltr'><strong>cod.</strong></span> <span class='ocrx_word' id='word_1_248' title='bbox 970 3610 1093 3664; x_wconf 82' lang='lat' dir='ltr'><strong>MS.</strong></span> <span class='ocrx_word' id='word_1_249' title='bbox 1190 3611 1261 3665; x_wconf 83' lang='lat' dir='ltr'><strong>cf.</strong></span> 
     </span>
     <span class='ocr_line' id='line_1_36' title="bbox 189 3677 1257 3735; baseline 0.004 -6"><span class='ocrx_word' id='word_1_250' title='bbox 189 3690 300 3733; x_wconf 89' lang='lat' dir='ltr'><strong>not.</strong></span> <span class='ocrx_word' id='word_1_251' title='bbox 341 3680 408 3732; x_wconf 82' lang='lat' dir='ltr'><strong>ad</strong></span> <span class='ocrx_word' id='word_1_252' title='bbox 446 3699 496 3732; x_wconf 84' lang='lat' dir='ltr'><strong>c.</strong></span> <span class='ocrx_word' id='word_1_253' title='bbox 522 3679 608 3733; x_wconf 85' lang='grc'><strong>52.</strong></span> <span class='ocrx_word' id='word_1_254' title='bbox 681 3677 820 3735; x_wconf 85' lang='lat' dir='ltr'><strong>Edd.</strong></span> <span class='ocrx_word' id='word_1_255' title='bbox 849 3677 1095 3731; x_wconf 84' lang='lat' dir='ltr'><strong>Rhenan.</strong></span> <span class='ocrx_word' id='word_1_256' title='bbox 1130 3679 1257 3733; x_wconf 88' lang='lat' dir='ltr'><strong>Ald.</strong></span> 
     </span>
     <span class='ocr_line' id='line_1_37' title="bbox 115 3747 1255 3818; baseline 0.002 -18"><span class='ocrx_word' id='word_1_257' title='bbox 115 3748 118 3751; x_wconf 77' lang='grc'><strong>’</strong></span> <span class='ocrx_word' id='word_1_258' title='bbox 188 3766 295 3818; x_wconf 71' lang='lat' dir='ltr'><strong>sqq.</strong></span> <span class='ocrx_word' id='word_1_259' title='bbox 339 3756 703 3813; x_wconf 72' lang='lat' dir='ltr'><strong>propraetor.</strong></span> <span class='ocrx_word' id='word_1_260' title='bbox 810 3747 945 3800; x_wconf 85' lang='lat' dir='ltr'><strong>Mox</strong></span> <span class='ocrx_word' id='word_1_261' title='bbox 991 3748 1076 3801; x_wconf 88' lang='lat' dir='ltr'><strong>ed.</strong></span> <span class='ocrx_word' id='word_1_262' title='bbox 1125 3747 1255 3802; x_wconf 87' lang='lat' dir='ltr'><strong>Ald.</strong></span> 
     </span>
    </p>

    <p class='ocr_par' dir='ltr' id='par_1_10' title="bbox 187 3817 896 3888">
     <span class='ocr_line' id='line_1_38' title="bbox 187 3817 896 3888; baseline 0 -20"><span class='ocrx_word' id='word_1_263' title='bbox 187 3820 331 3885; x_wconf 84' lang='lat' dir='ltr'><strong>queis</strong></span> <span class='ocrx_word' id='word_1_264' title='bbox 354 3835 459 3888; x_wconf 87' lang='lat' dir='ltr'><strong>pro</strong></span> <span class='ocrx_word' id='word_1_265' title='bbox 487 3817 630 3884; x_wconf 83' lang='lat' dir='ltr'><strong>quis.</strong></span> <span class='ocrx_word' id='word_1_266' title='bbox 733 3861 742 3869; x_wconf 92' lang='lat'><strong>.</strong></span> <span class='ocrx_word' id='word_1_267' title='bbox 887 3835 896 3847; x_wconf 58' lang='grc'><em>“</em></span> 
     </span>
    </p>

    <p class='ocr_par' dir='ltr' id='par_1_11' title="bbox 183 3882 1255 4164">
     <span class='ocr_line' id='line_1_39' title="bbox 241 3882 1255 3939; baseline 0 0"><span class='ocrx_word' id='word_1_268' title='bbox 241 3894 559 3939; x_wconf 69' lang='lat' dir='ltr'><strong>cunctatus.</strong></span> <span class='ocrx_word' id='word_1_269' title='bbox 652 3882 747 3937; x_wconf 85' lang='lat' dir='ltr'><strong>Sic</strong></span> <span class='ocrx_word' id='word_1_270' title='bbox 798 3883 917 3936; x_wconf 88' lang='lat' dir='ltr'><strong>edd.</strong></span> <span class='ocrx_word' id='word_1_271' title='bbox 958 3884 1079 3938; x_wconf 78' lang='lat' dir='ltr'><strong>Ber.</strong></span> <span class='ocrx_word' id='word_1_272' title='bbox 1127 3883 1255 3939; x_wconf 82' lang='lat' dir='ltr'><strong>Ald.</strong></span> 
     </span>
     <span class='ocr_line' id='line_1_40' title="bbox 184 3952 1254 4027; baseline -0.002 -19"><span class='ocrx_word' id='word_1_273' title='bbox 184 3975 294 4027; x_wconf 77' lang='lat' dir='ltr'><strong>sqq.</strong></span> <span class='ocrx_word' id='word_1_274' title='bbox 345 3963 635 4007; x_wconf 73' lang='lat' dir='ltr'><strong>cunctatus</strong></span> <span class='ocrx_word' id='word_1_275' title='bbox 665 3952 745 4004; x_wconf 85' lang='lat' dir='ltr'><strong>ed.</strong></span> <span class='ocrx_word' id='word_1_276' title='bbox 771 3952 946 4006; x_wconf 84' lang='lat' dir='ltr'><strong>Rhen.</strong></span> <span class='ocrx_word' id='word_1_277' title='bbox 979 3952 1254 4023; x_wconf 84' lang='lat' dir='ltr'><strong>frequenti</strong></span> 
     </span>
     <span class='ocr_line' id='line_1_41' title="bbox 183 4021 1251 4091; baseline 0.001 -17"><span class='ocrx_word' id='word_1_278' title='bbox 183 4024 237 4075; x_wconf 89' lang='lat' dir='ltr'><strong>in</strong></span> <span class='ocrx_word' id='word_1_279' title='bbox 272 4034 400 4085; x_wconf 74' lang='lat' dir='ltr'><strong>vett.</strong></span> <span class='ocrx_word' id='word_1_280' title='bbox 437 4021 591 4075; x_wconf 83' lang='lat' dir='ltr'><strong>libris</strong></span> <span class='ocrx_word' id='word_1_281' title='bbox 629 4021 910 4091; x_wconf 79' lang='lat' dir='ltr'><strong>scriptura.</strong></span> <span class='ocrx_word' id='word_1_282' title='bbox 994 4031 1251 4077; x_wconf 78' lang='lat' dir='ltr'><strong>comatus</strong></span> 
     </span>
     <span class='ocr_line' id='line_1_42' title="bbox 184 4087 1248 4164; baseline -0.003 -20"><span class='ocrx_word' id='word_1_283' title='bbox 184 4093 296 4149; x_wconf 82' lang='lat' dir='ltr'><strong>edd.</strong></span> <span class='ocrx_word' id='word_1_284' title='bbox 331 4092 479 4164; x_wconf 80' lang='lat' dir='ltr'><strong>Lips.</strong></span> <span class='ocrx_word' id='word_1_285' title='bbox 529 4089 689 4143; x_wconf 86' lang='lat' dir='ltr'><strong>Grut.</strong></span> <span class='ocrx_word' id='word_1_286' title='bbox 731 4091 808 4143; x_wconf 79' lang='lat' dir='ltr'><strong>uti</strong></span> <span class='ocrx_word' id='word_1_287' title='bbox 849 4087 1045 4143; x_wconf 79' lang='lat' dir='ltr'><strong>solent.</strong></span> <span class='ocrx_word' id='word_1_288' title='bbox 1133 4091 1248 4141; x_wconf 89' lang='lat' dir='ltr'><strong>Ve-</strong></span> 
     </span>
    </p>

    <p class='ocr_par' dir='ltr' id='par_1_12' title="bbox 127 4158 1248 4369">
     <span class='ocr_line' id='line_1_43' title="bbox 183 4158 1248 4230; baseline -0.002 -17"><span class='ocrx_word' id='word_1_289' title='bbox 183 4172 347 4217; x_wconf 84' lang='lat' dir='ltr'><strong>terem</strong></span> <span class='ocrx_word' id='word_1_290' title='bbox 375 4161 702 4230; x_wconf 78' lang='lat' dir='ltr'><strong>scripturam</strong></span> <span class='ocrx_word' id='word_1_291' title='bbox 732 4158 965 4212; x_wconf 83' lang='lat' dir='ltr'><strong>Pichena</strong></span> <span class='ocrx_word' id='word_1_292' title='bbox 1001 4159 1248 4212; x_wconf 81' lang='lat' dir='ltr'><strong>restituit.</strong></span> 
     </span>
     <span class='ocr_line' id='line_1_44' title="bbox 127 4226 1248 4291; baseline -0.003 -11"><span class='ocrx_word' id='word_1_293' title='bbox 127 4233 130 4240; x_wconf 91' lang='lat'>&#39;</span> <span class='ocrx_word' id='word_1_294' title='bbox 243 4239 480 4283; x_wconf 83' lang='lat' dir='ltr'><strong>veterem</strong></span> <span class='ocrx_word' id='word_1_295' title='bbox 545 4228 861 4291; x_wconf 53' lang='lat' dir='ltr'><strong>stipendiis.</strong></span> <span class='ocrx_word' id='word_1_296' title='bbox 975 4226 1248 4280; x_wconf 78' lang='lat' dir='ltr'><strong>Ernestius</strong></span> 
     </span>
     <span class='ocr_line' id='line_1_45' title="bbox 179 4295 1248 4369; baseline -0.007 -15"><span class='ocrx_word' id='word_1_297' title='bbox 179 4300 313 4354; x_wconf 82' lang='lat' dir='ltr'><strong>recte</strong></span> <span class='ocrx_word' id='word_1_298' title='bbox 351 4295 657 4369; x_wconf 81' lang='lat' dir='ltr'><strong>repudiavit</strong></span> <span class='ocrx_word' id='word_1_299' title='bbox 687 4295 1120 4369; x_wconf 76' lang='lat' dir='ltr'><strong>emendationem</strong></span> <span class='ocrx_word' id='word_1_300' title='bbox 1150 4295 1248 4346; x_wconf 77' lang='lat' dir='ltr'><strong>Pi-</strong></span> 
     </span>
    </p>
   </div>
   <div class='ocr_carea' id='block_1_9' title="bbox 268 4374 667 4466">
    <p class='ocr_par' dir='ltr' id='par_1_13' title="bbox 268 4374 667 4466">
     <span class='ocr_line' id='line_1_46' title="bbox 268 4374 667 4466; baseline -0.018 -22"><span class='ocrx_word' id='word_1_301' title='bbox 268 4381 570 4466; x_wconf 65' lang='lat' dir='ltr'><strong>Tacl‘rus</strong></span> <span class='ocrx_word' id='word_1_302' title='bbox 618 4374 667 4437; x_wconf 87' lang='lat' dir='ltr'><strong>l.</strong></span> 
     </span>
    </p>
   </div>
   <div class='ocr_carea' id='block_1_10' title="bbox 1335 2927 2508 4377">
    <p class='ocr_par' dir='ltr' id='par_1_14' title="bbox 1335 2927 2508 4377">
     <span class='ocr_line' id='line_1_47' title="bbox 1359 2927 2437 2995; baseline 0.015 -16"><span class='ocrx_word' id='word_1_303' title='bbox 1359 2927 1466 2995; x_wconf 75' lang='lat' dir='ltr'><strong>iam</strong></span> <span class='ocrx_word' id='word_1_304' title='bbox 1503 2933 1745 2994; x_wconf 86' lang='lat' dir='ltr'><strong>monuit,</strong></span> <span class='ocrx_word' id='word_1_305' title='bbox 1805 2933 2077 2988; x_wconf 79' lang='lat' dir='ltr'><strong>debuisset</strong></span> <span class='ocrx_word' id='word_1_306' title='bbox 2117 2938 2281 2992; x_wconf 87' lang='lat' dir='ltr'><strong>scribi</strong></span> <span class='ocrx_word' id='word_1_307' title='bbox 2320 2958 2437 2994; x_wconf 86' lang='lat' dir='ltr'><strong>uon</strong></span> 
     </span>
     <span class='ocr_line' id='line_1_48' title="bbox 1357 2998 2436 3067; baseline 0.013 -18"><span class='ocrx_word' id='word_1_308' title='bbox 1357 2998 1635 3061; x_wconf 82' lang='lat' dir='ltr'><strong>stipendii,</strong></span> <span class='ocrx_word' id='word_1_309' title='bbox 1662 3001 1756 3052; x_wconf 84' lang='lat' dir='ltr'><strong>sed</strong></span> <span class='ocrx_word' id='word_1_310' title='bbox 1780 3002 2203 3067; x_wconf 75' lang='lat' dir='ltr'><strong>stipendiorum.</strong></span> <span class='ocrx_word' id='word_1_311' title='bbox 2262 3009 2436 3062; x_wconf 83' lang='lat' dir='ltr'><strong>Dein-</strong></span> 
     </span>
     <span class='ocr_line' id='line_1_49' title="bbox 1356 3065 2471 3148; baseline 0.013 -32"><span class='ocrx_word' id='word_1_312' title='bbox 1356 3065 1423 3117; x_wconf 88' lang='lat' dir='ltr'><strong>de</strong></span> <span class='ocrx_word' id='word_1_313' title='bbox 1455 3067 1601 3133; x_wconf 79' lang='lat' dir='ltr'><strong>quod</strong></span> <span class='ocrx_word' id='word_1_314' title='bbox 1626 3067 1799 3120; x_wconf 78' lang='lat' dir='ltr'><strong>maius</strong></span> <span class='ocrx_word' id='word_1_315' title='bbox 1835 3080 1914 3120; x_wconf 85' lang='lat' dir='ltr'><strong>est</strong></span> <span class='ocrx_word' id='word_1_316' title='bbox 1927 3103 1955 3132; x_wconf 92' lang='lat'><strong>,-</strong></span> <span class='ocrx_word' id='word_1_317' title='bbox 1984 3083 2149 3126; x_wconf 71' lang='lat' dir='ltr'><strong>vetus</strong></span> <span class='ocrx_word' id='word_1_318' title='bbox 2171 3093 2295 3128; x_wconf 89' lang='lat' dir='ltr'><strong>cum</strong></span> <span class='ocrx_word' id='word_1_319' title='bbox 2335 3088 2432 3148; x_wconf 82' lang='lat' dir='ltr'><strong>ge·-</strong></span> <span class='ocrx_word' id='word_1_320' title='bbox 2460 3072 2471 3093; x_wconf 62' lang='lat'><em>³</em></span> 
     </span>
     <span class='ocr_line' id='line_1_50' title="bbox 1356 3131 2428 3214; baseline 0.014 -30"><span class='ocrx_word' id='word_1_321' title='bbox 1356 3131 1533 3187; x_wconf 82' lang='lat' dir='ltr'><strong>nitivo</strong></span> <span class='ocrx_word' id='word_1_322' title='bbox 1584 3133 1761 3188; x_wconf 84' lang='lat' dir='ltr'><strong>induit</strong></span> <span class='ocrx_word' id='word_1_323' title='bbox 1810 3137 2177 3206; x_wconf 84' lang='lat' dir='ltr'><strong>significatum</strong></span> <span class='ocrx_word' id='word_1_324' title='bbox 2227 3143 2428 3214; x_wconf 80' lang='lat' dir='ltr'><strong>figura·</strong></span> 
     </span>
     <span class='ocr_line' id='line_1_51' title="bbox 1353 3203 2508 3266; baseline 0.013 -12"><span class='ocrx_word' id='word_1_325' title='bbox 1353 3212 1490 3265; x_wconf 80' lang='lat' dir='ltr'><strong>tum,</strong></span> <span class='ocrx_word' id='word_1_326' title='bbox 1522 3212 1583 3253; x_wconf 86' lang='lat' dir='ltr'><strong>ut</strong></span> <span class='ocrx_word' id='word_1_327' title='bbox 1609 3213 1765 3256; x_wconf 85' lang='lat' dir='ltr'><strong>vetus</strong></span> <span class='ocrx_word' id='word_1_328' title='bbox 1796 3203 2020 3259; x_wconf 85' lang='lat' dir='ltr'><strong>alicuius</strong></span> <span class='ocrx_word' id='word_1_329' title='bbox 2045 3210 2124 3260; x_wconf 88' lang='lat' dir='ltr'><strong>rei</strong></span> <span class='ocrx_word' id='word_1_330' title='bbox 2153 3229 2268 3264; x_wconf 86' lang='lat' dir='ltr'><strong>non</strong></span> <span class='ocrx_word' id='word_1_331' title='bbox 2293 3215 2428 3266; x_wconf 82' lang='lat' dir='ltr'><strong>sim·</strong></span> <span class='ocrx_word' id='word_1_332' title='bbox 2504 3212 2508 3216; x_wconf 39' lang='lat'>⁸</span> 
     </span>
     <span class='ocr_line' id='line_1_52' title="bbox 1354 3269 2481 3347; baseline 0.017 -28"><span class='ocrx_word' id='word_1_333' title='bbox 1354 3269 1579 3340; x_wconf 81' lang='lat' dir='ltr'><strong>pliciter.</strong></span> <span class='ocrx_word' id='word_1_334' title='bbox 1606 3271 1809 3347; x_wconf 68' lang='lat' dir='ltr'><strong>indicet</strong></span> <span class='ocrx_word' id='word_1_335' title='bbox 1842 3292 1994 3338; x_wconf 87' lang='lat' dir='ltr'><strong>eum,</strong></span> <span class='ocrx_word' id='word_1_336' title='bbox 2081 3277 2135 3329; x_wconf 90' lang='lat' dir='ltr'><strong>ui</strong></span> <span class='ocrx_word' id='word_1_337' title='bbox 2175 3280 2270 3333; x_wconf 79' lang='lat' dir='ltr'><strong>diu</strong></span> <span class='ocrx_word' id='word_1_338' title='bbox 2310 3302 2429 3337; x_wconf 85' lang='lat' dir='ltr'><strong>eam</strong></span> <span class='ocrx_word' id='word_1_339' title='bbox 2474 3294 2481 3297; x_wconf 86' lang='grc'><em>“</em></span> 
     </span>
     <span class='ocr_line' id='line_1_53' title="bbox 1351 3292 2426 3413; baseline 0.014 -24"><span class='ocrx_word' id='word_1_340' title='bbox 1351 3356 1467 3391; x_wconf 86' lang='lat' dir='ltr'><strong>rem</strong></span> <span class='ocrx_word' id='word_1_341' title='bbox 1494 3341 1754 3397; x_wconf 79' lang='lat' dir='ltr'><strong>tractavit,</strong></span> <span class='ocrx_word' id='word_1_342' title='bbox 1793 3343 1885 3395; x_wconf 82' lang='lat' dir='ltr'><strong>sed</strong></span> <span class='ocrx_word' id='word_1_343' title='bbox 1911 3345 2003 3413; x_wconf 90' lang='lat' dir='ltr'><strong>qui</strong></span> <span class='ocrx_word' id='word_1_344' title='bbox 2033 3292 2285 3405; x_wconf 53' lang='lat' dir='ltr'><strong>diuturna</strong></span> <span class='ocrx_word' id='word_1_345' title='bbox 2316 3361 2426 3404; x_wconf 83' lang='lat' dir='ltr'><strong>tra-</strong></span> 
     </span>
     <span class='ocr_line' id='line_1_54' title="bbox 1351 3406 2427 3477; baseline 0.015 -19"><span class='ocrx_word' id='word_1_346' title='bbox 1351 3406 1589 3459; x_wconf 84' lang='lat' dir='ltr'><strong>ctatione</strong></span> <span class='ocrx_word' id='word_1_347' title='bbox 1644 3409 1891 3477; x_wconf 83' lang='lat' dir='ltr'><strong>peritiam</strong></span> <span class='ocrx_word' id='word_1_348' title='bbox 1935 3415 2050 3467; x_wconf 86' lang='lat' dir='ltr'><strong>eius</strong></span> <span class='ocrx_word' id='word_1_349' title='bbox 2103 3416 2182 3467; x_wconf 88' lang='lat' dir='ltr'><strong>rei</strong></span> <span class='ocrx_word' id='word_1_350' title='bbox 2237 3431 2427 3474; x_wconf 82' lang='lat' dir='ltr'><strong>nactus</strong></span> 
     </span>
     <span class='ocr_line' id='line_1_55' title="bbox 1349 3474 2423 3551; baseline 0.015 -26"><span class='ocrx_word' id='word_1_351' title='bbox 1349 3484 1476 3527; x_wconf 80' lang='lat' dir='ltr'><strong>est.·</strong></span> <span class='ocrx_word' id='word_1_352' title='bbox 1521 3474 1588 3528; x_wconf 87' lang='lat' dir='ltr'><strong>cf.</strong></span> <span class='ocrx_word' id='word_1_353' title='bbox 1627 3476 1755 3529; x_wconf 86' lang='lat' dir='ltr'><strong>infr.</strong></span> <span class='ocrx_word' id='word_1_354' title='bbox 1791 3480 1842 3538; x_wconf 88' lang='lat'><strong>6,</strong></span> <span class='ocrx_word' id='word_1_355' title='bbox 1874 3480 1956 3533; x_wconf 87' lang='grc'><strong>12.</strong></span> <span class='ocrx_word' id='word_1_356' title='bbox 1987 3483 2257 3538; x_wconf 81' lang='lat' dir='ltr'><strong>scientiae</strong></span> <span class='ocrx_word' id='word_1_357' title='bbox 2294 3507 2423 3551; x_wconf 75' lang='lat' dir='ltr'><strong>eae-</strong></span> 
     </span>
     <span class='ocr_line' id='line_1_56' title="bbox 1348 3544 2423 3615; baseline 0.019 -24"><span class='ocrx_word' id='word_1_358' title='bbox 1348 3544 1838 3615; x_wconf 80' lang='lat' dir='ltr'><strong>rimom&#39;arumque</strong></span> <span class='ocrx_word' id='word_1_359' title='bbox 1865 3559 2037 3604; x_wconf 84' lang='lat' dir='ltr'><strong>vetus.</strong></span> <span class='ocrx_word' id='word_1_360' title='bbox 2114 3551 2240 3606; x_wconf 86' lang='lat' dir='ltr'><strong>ibid.</strong></span> <span class='ocrx_word' id='word_1_361' title='bbox 2271 3576 2317 3609; x_wconf 87' lang='lat' dir='ltr'><strong>c.</strong></span> <span class='ocrx_word' id='word_1_362' title='bbox 2337 3558 2423 3611; x_wconf 83' lang='lat'><strong>44.</strong></span> 
     </span>
     <span class='ocr_line' id='line_1_57' title="bbox 1345 3616 2422 3688; baseline 0.017 -28"><span class='ocrx_word' id='word_1_363' title='bbox 1345 3621 1505 3675; x_wconf 73' lang='lat' dir='ltr'><strong>yetus</strong></span> <span class='ocrx_word' id='word_1_364' title='bbox 1527 3619 1825 3679; x_wconf 79' lang='lat' dir='ltr'><strong>regnandi.</strong></span> <span class='ocrx_word' id='word_1_365' title='bbox 1881 3616 2055 3688; x_wconf 85' lang='lat' dir='ltr'><strong>Supra</strong></span> <span class='ocrx_word' id='word_1_366' title='bbox 2083 3622 2128 3682; x_wconf 88' lang='lat'><strong>1,</strong></span> <span class='ocrx_word' id='word_1_367' title='bbox 2152 3623 2237 3675; x_wconf 87' lang='grc'><strong>20.</strong></span> <span class='ocrx_word' id='word_1_368' title='bbox 2264 3623 2422 3678; x_wconf 83' lang='lat' dir='ltr'><strong>aliter</strong></span> 
     </span>
     <span class='ocr_line' id='line_1_58' title="bbox 1345 3679 2479 3746; baseline 0.014 -15"><span class='ocrx_word' id='word_1_369' title='bbox 1345 3699 1400 3732; x_wconf 85' lang='lat' dir='ltr'><strong>se</strong></span> <span class='ocrx_word' id='word_1_370' title='bbox 1427 3679 1585 3733; x_wconf 81' lang='lat' dir='ltr'><strong>habet</strong></span> <span class='ocrx_word' id='word_1_371' title='bbox 1613 3702 1728 3742; x_wconf 82' lang='lat' dir='ltr'><strong>res,</strong></span> <span class='ocrx_word' id='word_1_372' title='bbox 1765 3695 1825 3736; x_wconf 89' lang='lat' dir='ltr'><strong>ut</strong></span> <span class='ocrx_word' id='word_1_373' title='bbox 1859 3685 1934 3738; x_wconf 89' lang='lat' dir='ltr'><strong>ibi</strong></span> <span class='ocrx_word' id='word_1_374' title='bbox 1976 3689 2230 3743; x_wconf 72' lang='lat' dir='ltr'><strong>vidimus».</strong></span> <span class='ocrx_word' id='word_1_375' title='bbox 2301 3695 2417 3746; x_wconf 83' lang='lat' dir='ltr'><strong>Ve-</strong></span> <span class='ocrx_word' id='word_1_376' title='bbox 2466 3718 2479 3735; x_wconf 46' lang='grc' dir='ltr'><em>ν</em></span> 
     </span>
     <span class='ocr_line' id='line_1_59' title="bbox 1344 3744 2416 3825; baseline 0.017 -28"><span class='ocrx_word' id='word_1_377' title='bbox 1344 3757 1435 3799; x_wconf 78' lang='lat' dir='ltr'><strong>tus</strong></span> <span class='ocrx_word' id='word_1_378' title='bbox 1467 3744 1898 3811; x_wconf 50' lang='lat' dir='ltr'><strong>stipendiunm</strong></span> <span class='ocrx_word' id='word_1_379' title='bbox 1927 3767 2004 3825; x_wconf 73' lang='lat' dir='ltr'><strong>est</strong></span> <span class='ocrx_word' id='word_1_380' title='bbox 2029 3757 2281 3815; x_wconf 85' lang='lat' dir='ltr'><strong>diuturna</strong></span> <span class='ocrx_word' id='word_1_381' title='bbox 2307 3765 2416 3815; x_wconf 86' lang='lat' dir='ltr'><strong>mi·-</strong></span> 
     </span>
     <span class='ocr_line' id='line_1_60' title="bbox 1342 3816 2414 3896; baseline 0.017 -31"><span class='ocrx_word' id='word_1_382' title='bbox 1342 3816 1876 3896; x_wconf 32' lang='lat' dir='ltr'><strong>litiaastipendiorum</strong></span> <span class='ocrx_word' id='word_1_383' title='bbox 1901 3824 2128 3892; x_wconf 66' lang='lat' dir='ltr'><strong>peritus,</strong></span> <span class='ocrx_word' id='word_1_384' title='bbox 2160 3827 2253 3878; x_wconf 89' lang='lat' dir='ltr'><strong>sed</strong></span> <span class='ocrx_word' id='word_1_385' title='bbox 2279 3830 2414 3882; x_wconf 88' lang='lat' dir='ltr'><strong>sim-</strong></span> 
     </span>
     <span class='ocr_line' id='line_1_61' title="bbox 1340 3883 2362 3960; baseline 0.015 -25"><span class='ocrx_word' id='word_1_386' title='bbox 1340 3883 1552 3955; x_wconf 74' lang='lat' dir='ltr'><strong>pliciter</strong></span> <span class='ocrx_word' id='word_1_387' title='bbox 1565 3884 1595 3951; x_wconf 67' lang='lat'><strong>,&#39;</strong></span> <span class='ocrx_word' id='word_1_388' title='bbox 1617 3888 1710 3959; x_wconf 89' lang='lat' dir='ltr'><strong>qui</strong></span> <span class='ocrx_word' id='word_1_389' title='bbox 1735 3891 2000 3960; x_wconf 82' lang='lat' dir='ltr'><strong>stipendia</strong></span> <span class='ocrx_word' id='word_1_390' title='bbox 2028 3895 2119 3946; x_wconf 85' lang='lat' dir='ltr'><strong>diu</strong></span> <span class='ocrx_word' id='word_1_391' title='bbox 2147 3897 2362 3950; x_wconf 80' lang='lat' dir='ltr'><strong>meruit.</strong></span> 
     </span>
     <span class='ocr_line' id='line_1_62' title="bbox 1407 3959 2468 4023; baseline 0.018 -20"><span class='ocrx_word' id='word_1_392' title='bbox 1407 3962 1542 4004; x_wconf 80' lang='lat' dir='ltr'><strong>arta</strong></span> <span class='ocrx_word' id='word_1_393' title='bbox 1575 3975 1619 4008; x_wconf 83' lang='lat' dir='ltr'><strong>c.</strong></span> <span class='ocrx_word' id='word_1_394' title='bbox 1658 3974 1703 4007; x_wconf 87' lang='lat' dir='ltr'><strong>r.</strong></span> <span class='ocrx_word' id='word_1_395' title='bbox 1743 3959 2020 4013; x_wconf 74' lang='lat' dir='ltr'><strong>amicitia.</strong></span> <span class='ocrx_word' id='word_1_396' title='bbox 2107 3962 2247 4015; x_wconf 85' lang='lat' dir='ltr'><strong>Vett.</strong></span> <span class='ocrx_word' id='word_1_397' title='bbox 2288 3967 2414 4023; x_wconf 82' lang='lat' dir='ltr'><strong>edd.</strong></span> <span class='ocrx_word' id='word_1_398' title='bbox 2460 3997 2468 4002; x_wconf 94' lang='lat'>-</span> 
     </span>
     <span class='ocr_line' id='line_1_63' title="bbox 1338 4020 2409 4090; baseline 0.015 -19"><span class='ocrx_word' id='word_1_399' title='bbox 1338 4020 1427 4073; x_wconf 88' lang='lat' dir='ltr'><strong>hic</strong></span> <span class='ocrx_word' id='word_1_400' title='bbox 1454 4032 1505 4072; x_wconf 82' lang='lat' dir='ltr'><strong>et</strong></span> <span class='ocrx_word' id='word_1_401' title='bbox 1533 4042 1579 4074; x_wconf 90' lang='lat' dir='ltr'><strong>c.</strong></span> <span class='ocrx_word' id='word_1_402' title='bbox 1608 4025 1672 4076; x_wconf 88' lang='lat'><strong>19</strong></span> <span class='ocrx_word' id='word_1_403' title='bbox 1697 4034 1746 4077; x_wconf 88' lang='lat' dir='ltr'><strong>et</strong></span> <span class='ocrx_word' id='word_1_404' title='bbox 1772 4028 1856 4078; x_wconf 88' lang='grc'><strong>21.</strong></span> <span class='ocrx_word' id='word_1_405' title='bbox 1881 4038 2057 4080; x_wconf 81' lang='lat' dir='ltr'><strong>oreta.</strong></span> <span class='ocrx_word' id='word_1_406' title='bbox 2130 4029 2409 4090; x_wconf 73' lang='lat' dir='ltr'><strong>Posterio-</strong></span> 
     </span>
     <span class='ocr_line' id='line_1_64' title="bbox 1335 4091 2409 4166; baseline 0.012 -27"><span class='ocrx_word' id='word_1_407' title='bbox 1335 4109 1420 4140; x_wconf 86' lang='lat' dir='ltr'><strong>res</strong></span> <span class='ocrx_word' id='word_1_408' title='bbox 1461 4091 1585 4143; x_wconf 85' lang='lat' dir='ltr'><strong>inde</strong></span> <span class='ocrx_word' id='word_1_409' title='bbox 1621 4111 1650 4144; x_wconf 85' lang='lat' dir='ltr'><strong>a</strong></span> <span class='ocrx_word' id='word_1_410' title='bbox 1684 4094 1825 4165; x_wconf 84' lang='lat' dir='ltr'><strong>Lips.</strong></span> <span class='ocrx_word' id='word_1_411' title='bbox 1862 4105 2022 4158; x_wconf 71' lang='lat' dir='ltr'><strong>arto,</strong></span> <span class='ocrx_word' id='word_1_412' title='bbox 2071 4118 2229 4166; x_wconf 83' lang='lat' dir='ltr'><strong>quam</strong></span> <span class='ocrx_word' id='word_1_413' title='bbox 2270 4108 2409 4158; x_wconf 76' lang='lat' dir='ltr'><strong>scri-</strong></span> 
     </span>
     <span class='ocr_line' id='line_1_65' title="bbox 1337 4160 2410 4229; baseline 0.018 -21"><span class='ocrx_word' id='word_1_414' title='bbox 1337 4168 1548 4227; x_wconf 81' lang='lat' dir='ltr'><strong>pturam</strong></span> <span class='ocrx_word' id='word_1_415' title='bbox 1587 4160 1713 4214; x_wconf 82' lang='lat' dir='ltr'><strong>alibi</strong></span> <span class='ocrx_word' id='word_1_416' title='bbox 1757 4184 1790 4214; x_wconf 91' lang='lat' dir='ltr'><strong>o</strong></span> <span class='ocrx_word' id='word_1_417' title='bbox 1834 4163 1949 4214; x_wconf 85' lang='lat' dir='ltr'><strong>timi</strong></span> <span class='ocrx_word' id='word_1_418' title='bbox 1989 4165 2110 4218; x_wconf 83' lang='lat' dir='ltr'><strong>libri</strong></span> <span class='ocrx_word' id='word_1_419' title='bbox 2145 4169 2410 4229; x_wconf 78' lang='lat' dir='ltr'><strong>exhibent.</strong></span> 
     </span>
     <span class='ocr_line' id='line_1_66' title="bbox 1335 4225 2408 4298; baseline 0.014 -21"><span class='ocrx_word' id='word_1_420' title='bbox 1335 4228 1403 4277; x_wconf 79' lang='lat' dir='ltr'><strong>cf.</strong></span> <span class='ocrx_word' id='word_1_421' title='bbox 1438 4225 1722 4287; x_wconf 77' lang='lat' dir='ltr'><strong>Drakenb.</strong></span> <span class='ocrx_word' id='word_1_422' title='bbox 1761 4251 1790 4282; x_wconf 85' lang='lat' dir='ltr'><strong>a</strong></span> <span class='ocrx_word' id='word_1_423' title='bbox 1865 4231 1960 4284; x_wconf 88' lang='lat' dir='ltr'><strong>Sil.</strong></span> <span class='ocrx_word' id='word_1_424' title='bbox 2003 4234 2063 4287; x_wconf 82' lang='lat' dir='ltr'><strong>lt.</strong></span> <span class='ocrx_word' id='word_1_425' title='bbox 2100 4235 2148 4298; x_wconf 90' lang='lat'><strong>7,</strong></span> <span class='ocrx_word' id='word_1_426' title='bbox 2172 4239 2292 4290; x_wconf 90' lang='grc'><strong>280.</strong></span> <span class='ocrx_word' id='word_1_427' title='bbox 2339 4245 2408 4297; x_wconf 86' lang='lat' dir='ltr'><strong>ad</strong></span> 
     </span>
     <span class='ocr_line' id='line_1_67' title="bbox 1336 4294 2372 4377; baseline 0.019 -33"><span class='ocrx_word' id='word_1_428' title='bbox 1336 4294 1451 4347; x_wconf 72' lang='grc' dir='ltr'><strong>[ἰν.</strong></span> <span class='ocrx_word' id='word_1_429' title='bbox 1480 4298 1532 4354; x_wconf 85' lang='grc'><strong>2,</strong></span> <span class='ocrx_word' id='word_1_430' title='bbox 1553 4296 1635 4348; x_wconf 82' lang='lat'><strong>84.</strong></span> <span class='ocrx_word' id='word_1_431' title='bbox 1713 4299 1863 4350; x_wconf 85' lang='lat' dir='ltr'><strong>Cort.</strong></span> <span class='ocrx_word' id='word_1_432' title='bbox 1892 4302 1959 4355; x_wconf 86' lang='lat' dir='ltr'><strong>ad</strong></span> <span class='ocrx_word' id='word_1_433' title='bbox 1984 4300 2114 4357; x_wconf 86' lang='lat' dir='ltr'><strong>Sall.</strong></span> <span class='ocrx_word' id='word_1_434' title='bbox 2141 4304 2257 4377; x_wconf 84' lang='lat' dir='ltr'><strong>lug.</strong></span> <span class='ocrx_word' id='word_1_435' title='bbox 2288 4309 2372 4365; x_wconf 85' lang='grc'><strong>52.</strong></span> 
     </span>
    </p>
   </div>
  </div>
 </body>
</html>
