2794 5085
325 329 385 377 Α.
403 329 468 377 u.
488 304 593 374 m.

322 381 592 429 aa...
752 394 757 401 .
831 332 1210 409 mama
1285 296 1682 443 mnes.
1725 336 1852 410 27.
2309 330 2461 459 ⁸¹27

220 512 484 585 susque
534 515 573 559 e
616 490 1109 576 aenatoribus,
1170 491 1296 583 qui
1336 486 1724 580 scipionem
1767 489 2168 575 eburnam,
2218 502 2460 581 togam
2543 517 2549 523 ·

217 594 517 684 pictam,
568 592 864 684 antiqua
900 606 1184 685 patrum
1223 612 1520 669 munera
1537 646 1560 677 ,
1609 593 1811 662 daret
1835 614 2213 685 regemque
2237 588 2457 685 etso—

216 695 409 764 cium
440 710 653 787 atque
682 695 994 763 amicum
1025 695 1435 785 appellaret.
1865 762 1868 767 ,
1937 734 1944 743 ·
2179 740 2184 745 ,
2256 774 2259 778 Α
2409 762 2414 767 .

421 820 730 896 XXVII.
796 819 1108 891 ‘Eadem
1148 828 1406 892 aestate
1455 837 1645 892 mota
1688 842 1816 913 per
1855 819 2136 892 Italiam
2176 822 2454 892 servilis
2543 844 2545 853 '

211 925 391 994 belli
440 924 711 993 semina
747 925 895 1019 fors
939 924 1306 1015 oppressit.
1350 996 1353 1003 ,
1411 932 1676 1019 auctor*
1701 924 2052 994 tumultus
2092 920 2181 995 T.
2209 921 2454 999 Curti-
2523 933 2536 939 ’

210 1022 363 1094 sius
391 1026 757 1119 quondam
791 1026 1184 1117 praetoriae
1226 1018 1539 1094 co'hortis
1576 1026 1812 1093 miles:
1861 1025 2094 1117 primo
2134 1027 2452 1096 coetibus

211 1128 674 1199 clandestinis
735 1128 925 1218 apud
986 1123 1488 1223 Brundisium,
1528 1140 1598 1196 et
1660 1127 2102 1196 circumiecta
2166 1124 2452 1220 oppida,

104 1282 109 1302 2
174 1230 657 1321 ·‹·mox·positis
682 1229 1050 1321 propalam
1077 1229 1340 1299 libellis
1373 1230 1466 1297 ad
1491 1229 1890 1299 libertatem
1920 1229 2218 1297 vocabat
2249 1250 2453 1319 agre-

209 1332 344 1400 stia
381 1352 512 1423 per
549 1331 981 1423 longinquos
1021 1328 1240 1399 saltus
1282 1345 1350 1399 et
1385 1331 1648 1400 ferocia
1691 1331 2010 1415 servitia,
2057 1354 2223 1400 cum
2252 1331 2450 1427 velut

206 1454 507 1502 munere
545 1435 759 1501 deum
796 1447 939 1502 tres
980 1434 1286 1500 biremes
1325 1433 1663 1524 adpulere
1704 1434 1796 1500 ad
1836 1455 2005 1501 usus
2045 1454 2446 1501 commean-

208 1534 397 1605 tium
420 1532 546 1603 illo
573 1533 776 1605 mari.
880 1547 949 1603 et
980 1546 1130 1603 erat
1159 1533 1414 1601 iisdem
1442 1535 1854 1623 regionibus
1880 1532 2175 1604 Curtius
2197 1531 2447 1625 Lupus

204 1649 574 1728 quaestor,
624 1635 753 1704 cui·
772 1635 1141 1725 provincia
1186 1649 1421 1704 vetere
1466 1660 1548 1707 ex
1595 1660 1795 1704 more
1815 1632 2051 1704 Calles
2093 1649 2444 1709 evenerat.

124 1776 138 1787 ο
208 1738 271 1805 is
301 1737 639 1829 disposita
669 1737 1188 1806 classiariorum
1216 1736 1420 1827 copia
1459 1751 1900 1831 coeptantem
1942 1761 2103 1806 cum
2139 1730 2445 1806 maxime

1363 2003 1466 2055 liae
1512 1975 1843 2082 regionibus.
1942 2000 2014 2056 cf.
2056 2001 2187 2056 infr.
2227 1979 2317 2070 11,
2350 2003 2437 2057 22.

270 1990 509 2072 amiqua
566 2011 805 2069 patrum
861 2019 1121 2055 munera.
1204 2003 1279 2057 cf.

1362 2070 1448 2123 De
1475 2072 1791 2124 nominibus
1821 2070 2010 2124 barum
2034 2071 2438 2141 provinciarum

200 2071 437 2144 Dionys.
467 2071 586 2126 Hal.
617 2072 665 2133 5,
692 2070 777 2122 35.
851 2070 967 2123 Liv.
990 2071 1076 2133 30,
1108 2072 1189 2124 15.

270 2154 409 2209 Car.
430 2157 516 2208 27.
593 2156 658 2208 T.
687 2155 973 2208 Cur-entem.
1045 2155 1278 2225 Propter

205 2224 314 2279 loc.
341 2225 513 2278 Cicer.
542 2225 607 2278 ad
635 2226 746 2287 Au.
773 2222 853 2285 14,
881 2224 935 2276 6.
961 2226 1046 2277 10.
1074 2236 1125 2276 et
1148 2224 1277 2276 infr.

206 2292 294 2354 18,
331 2293 444 2354 56„
491 2294 580 2344 ubi
623 2303 701 2345 est
738 2310 940 2344 nomen
989 2293 1275 2356 Curtilius,

200 2360 480 2414 Reinesius
506 2362 716 2413 volebat
750 2366 803 2411 et
828 2360 917 2412 hic
951 2359 1055 2432 legi
1086 2360 1273 2412 Curti-

198 2432 364 2483 lium.
414 2468 421 2475 ·
465 2429 570 2482 Sed
623 2429 746 2512 quis
785 2428 1008 2481 ‘tandem
1062 2428 1117 2481 id
1160 2449 1283 2501 pro

197 2510 352 2553 certo
381 2498 726 2552 adfirmabxt?

268 2583 602 2651 longinquos
634 2583 834 2636 sallust.
906 2580 988 2646 Ne
1028 2580 1272 2653 intellige

192 2651 265 2705 de
310 2651 587 2714 distantia,
655 2651 747 2703 sed
789 2649 857 2704 de
895 2651 1268 2721 amplitudine.

191 2720 270 2774 cf.
298 2729 416 2771 not.
443 2719 509 2770 ad
539 2724 586 2779 1,
616 2719 701 2772 53.

256 2804 471 2858 Colles.
498 2802 592 2857 Sic
604 2802 725 2856 cod.
740 2801 859 2856 MS.
875 2802 996 2856 edd.
1010 2803 1136 2856 Ber.
1152 2804 1272 2857 Alc.

188 2861 370 2925 Rhen.

188 2942 334 2993 dunt
362 2973 375 2990 .

114 3037 119 3046 ‚
186 3007 477 3062 Brbtoeius
514 3007 751 3078 aliique(

392 2890 514 2990 Ἐς.
542 2890 703 2941 quam
732 2872 1051 2946 scripturam
1073 2871 1268 2923 desen-

850 3007 1162 3062 Provocant
1210 3006 1281 3060 in«

183 3079 376 3132 locum
399 3074 629 3128 sneion.
663 3076 762 3129 Iul.
802 3096 853 3131 c.
888 3076 968 3130 19.
1003 3076 1297 3127 Eandem·

183 3148 260 3198 ob
277 3161 514 3196 eausam
540 3162 718 3210 opera
736 3146 1102 3211 optimatibus
1125 3149 1266 3195 dota

186 3223 307 3277 est,
343 3223 405 3265 ut
424 3213 754 3279 provinciae
766 3214 989 3280 suturis·
1011 3214 1264 3264 consuli-

180 3285 294 3335 bus
328 3283 552 3333 minimi
583 3283 819 3348 negotii,
864 3284 924 3333 id
959 3275 1046 3333 ‘est
1083 3283 1265 3340 siluae

184 3353 464 3417 callesque
503 3354 955 3402 decernerentur.
1058 3348 1139 3402 lbi
1182 3359 1266 3401 ta-

180 3436 319 3471 men
350 3437 461 3468 non
502 3437 681 3469 sermo
718 3428 797 3470 est
834 3415 899 3469 de
944 3428 1087 3471 certa
1123 3433 1261 3486 qua-

180 3486 317 3539 dam
342 3485 623 3556 provincia
648 3504 675 3537 a
716 3485 910 3566 pellata
940 3487 1147 3548 Colle-r,
1186 3485 1261 3538 uti

178 3554 294 3608 hie.
366 3551 549 3620 Quare
571 3504 718 3604 alfii}

178 3631 308 3674 sent
349 3620 573 3693 intelligi
604 3640 939 3691 provinciam
975 3622 1263 3681 Calenam,

179 3689 646 3760 scribendumque
712 3692 904 3752 Cales,
977 3687 1126 3759 quod
1192 3690 1263 3741 sit

105 3807 109 3811 .
177 3776 397 3810 nomen-
428 3757 578 3810 urbis
619 3758 686 3810 ad
726 3758 1058 3810 Vulturnum
1112 3757 1260 3817 sitae,

177 3825 243 3877 in
273 3843 380 3895 qua
403 3827 554 3877 sedes
580 3826 740 3879 fuerit
776 3826 1073 3896 quaestoris
1111 3837 1162 3879 et
1199 3844 1271 3880 ex.

177 3912 288 3976 qua
352 3893 633 3964 provincia
694 3895 762 3947 sit
822 3894 963 3949 dicta
1027 3894 1254 3947 Calena.

178 3964 412 4018 Lonstat
454 3962 601 4014 enim
634 3963 758 4015 inde
786 3963 859 4028 ab¹
894 3982 957 4014 eo
993 3973 1256 4031 tempore,

220 4049 294 4080 uo
320 4028 565 4083 universa
589 4030 739 4084 ltalia
758 4029 1021 4083 Romanis
1048 4031 1251 4101 stipen÷

177 4049 351 4151 diaria
378 4108 491 4149 erat
510 4098 668 4159 sacta,
688 4118 971 4151 numerum
1000 4110 1250 4169 quaesto-

175 4185 306 4220 rum
358 4164 567 4219 Romae
614 4186 728 4220 esse
775 4166 1138 4237 duplicatum,
1191 4178 1252 4220 ut

177 4244 306 4286 octo
368 4233 657 4303 quotannis
720 4235 910 4287 flerent
931 4273 946 4296 ,
1015 4254 1250 4305 quorum

174 4311 434 4373 quattuor
458 4302 848 4357 adhibebantur
875 4302 1124 4372 regendis
1138 4303 1249 4358 lta-

459 2938 677 3009 yckius,
753 2940 858 2993 lac.
935 2937 1269 2997 Gronovius,
1336 2959 1339 2968 ’

721 3554 855 3634 upsio
880 3561 1102 3608 auctore
1128 3571 1287 3606 cen-⁵

1361 2139 1632 2197 non'satis
1667 2150 1811 2191 certa
1847 2140 2138 2207 scriptores
2169 2140 2436 2209 prodide-

1362 2218 1512 2260 runt.
1567 2207 1818 2259 Duarum
1849 2208 2069 2260 nomina
2097 2208 2311 2278 cognita
2335 2207 2436 2260 ha-

1356 2276 1581 2349 bemus:
1637 2275 1915 2343 Ostiensis
1945 2285 1995 2327 et
2026 2276 2292 2328 Gallicae.
2323 2312 2328 2319 .
2362 2278 2436 2331 cf.

1358 2344 1509 2396 Suet.
1554 2343 1747 2397 Claud.
1788 2363 1837 2396 c.
1872 2344 1959 2397 24.
2036 2343 2143 2395 Dio
2180 2345 2262 2407 55,
2289 2345 2339 2396 4.
2381 2340 2444 2401 et‘

1358 2412 1445 2471 60,
1466 2412 1554 2465 24.
1627 2411 1862 2467 Tertiam
1883 2411 2093 2482 Lipsius
2115 2432 2179 2466 ex
2203 2404 2431 2477 hocTa-

1359 2480 1451 2533 citi
1491 2480 1615 2534 loco
1641 2480 1777 2533 «fecit
1802 2480 2071 2532 Calenam
2103 2481 2169 2533 ad
2200 2481 2432 2532 Vultur-

1356 2565 1493 2602 num
1530 2561 1774 2608 amnem‘,
1810 2551 1963 2602 cuius
1988 2562 2241 2620 quaestor
2270 2569 2431 2621 prae·-

1356 2617 1525 2671 fuerit
1551 2618 1747 2670 tractui
1771 2618 2051 2690 Campano
2078 2618 2434 2691 Sidicinoque
2497 2667 2507 2680 ,

1308 2729 1315 2738 .
1355 2687 1711 2742 Brundisium
1735 2706 1922 2759 usque.
1975 2685 2121 2740 Mira
2146 2707 2271 2748 saue
2292 2708 2428 2759 pro-

1356 2756 1560 2817 vincia,
1596 2775 1733 2825 quae
1771 2757 2001 2825 pertinet
2036 2759 2102 2810 ad
2128 2769 2279 2809 oram
2307 2777 2428 2810 ma·-

1356 2823 1431 2876 ris
1470 2824 1649 2894 superi
1683 2824 1972 2894 sedemque
1996 2823 2152 2876 habet
2175 2825 2231 2880 in
2257 2823 2429 2877 Cam-

1356 2891 1542 2962 pania,
1601 2910 1803 2943 nomen
1843 2894 1907 2943 ab
1941 2891 2153 2961 ,oppido
2190 2892 2256 2944 ad
2293 2894 2427 2946 fines

1355 2970 1621 3013 extremos
1644 2959 1770 3011 sito.
1844 2960 2052 3011 Mirum
2078 2960 2251 3022 etiam,
2314 2960 2428 3014 uod

1353 3039 1641 3108 quaestor,
1677 3027 1770 3108 qui
1800 3025 1980 3080 sedem
2008 3026 2164 3081 habet
2191 3025 2306 3080 cah
2347 3048 2428 3092 us,

1351 3092 1545 3150 iisdem
1605 3095 1919 3166 regionibus
1977 3093 2146 3150 fuisse
2210 3096 2428 3159 dicitur,

1352 3184 1490 3236 quae
1513 3173 1629 3216 tum
1654 3164 1830 3217 servili
1857 3164 2094 3216 tumultu
2122 3164 2422 3219 turbaban-

1351 3243 1443 3284 tur
1487 3232 1625 3303 apud
1670 3232 2024 3284 Brundisium
2078 3240 2131 3283 et.
2178 3234 2422 3286 circum-

1347 3302 1487 3353 iecta
1523 3301 1741 3372 oppida.
1815 3298 2102 3353 Infelicior
2135 3301 2425 3354 coniectu·-

1348 3389 1440 3431 ra,
1488 3387 1648 3438 quam
1681 3379 1738 3420 ut
1767 3389 1866 3439 pro
1903 3388 2033 3422 vera
2063 3367 2247 3422 haberi
2287 3388 2419 3439 pos-

1346 3438 1440 3492 sit..
1510 3436 1676 3503 Quod
1719 3457 1841 3494 cum
1882 3438 1956 3489 ita
1992 3439 2091 3496 sit,
2139 3438 2422 3490 redeamus

1347 3505 1415 3558 ad
1455 3522 1570 3555 eam
1613 3505 1910 3564 rationem,
1958 3523 2062 3575 qua
2095 3509 2267 3558 calles
2293 3507 2425 3558 Ita-

1345 3576 1456 3624 liae
1488 3571 1624 3638 (Cic.
1649 3593 1733 3643 pr.
1758 3574 1899 3627 Sext.
1928 3594 1976 3627 c.
2006 3574 2080 3643 5.)
2111 3574 2422 3643 intelligan-

1345 3651 1435 3692 tur
1460 3641 1512 3692 h.
1532 3661 1579 3694 e.
1606 3642 1853 3712 regiones
1882 3643 2147 3695 silvestres
2173 3652 2225 3696 et
2249 3649 2440 3700 mon-'

1345 3718 1494 3762 tosae
1546 3729 1576 3761 a
1635 3719 1787 3779 tergo
1844 3711 2169 3782 Campaniae
2225 3730 2417 3765 versus

1344 3795 1492 3829 mare
1533 3796 1787 3847 superum
1821 3780 1981 3842 sitae3
2031 3797 2204 3848 neque
2231 3781 2419 3832 incre-

1343 3846 1507 3898 dibile
1533 3859 1641 3908 est,
1671 3846 1920 3914 regiones
1944 3847 2061 3900 illas
2088 3845 2202 3901 κατ’
2220 3846 2418 3917 ἐξοχὴν

1340 3914 1567 3966 nomine
1605 3915 1851 3967 Gallium
1894 3915 2129 3985 insignes
2181 3919 2414 3985 provin-

1339 3981 1589 4052 ciamque
1617 3982 1779 4036 fuisse
1806 3986 1988 4036 Colles
2021 3983 2237 4038 dictam.

1328 4161 1333 4170 ι
1406 4118 1534 4152 eum
1557 4104 1827 4154 maxime.
1886 4102 1978 4156 Sic
2005 4103 2124 4158 cod.
2139 4095 2259 4158 MS.
2285 4105 2412 4161 edd.

1336 4169 1668 4221 recentiores
1694 4171 1817 4226 inde
1845 4171 1911 4223 ab
1942 4171 2206 4226 Ernestio.
2274 4175 2411 4229 Edd.

1336 4237 1463 4295 Ber.
1491 4237 1614 4292 Alc.
1643 4236 1887 4300 Rhenan.
1917 4249 2032 4320 sqq.
2070 4250 2191 4306 tum
2216 4244 2409 4294 maxi-

1304 4323 1447 4368 ,ητα
1542 4305 1607 4361 lu
1653 4306 1912 4377 castigatt.
1961 4328 2066 4361 tam
2119 4307 2410 4365 Rhenanus

1896 4515 1907 4556 >
