2794 5085
2212 383 2226 391 .
2259 347 2323 393 A.
2340 352 2535 405 unsa.

2264 402 2325 445 A.
2353 403 2410 447 c,
2461 405 2535 449 so.

403 354 553 428 424
1192 351 1821 428 ANNALIUM

402 511 595 581 diem
622 528 704 581 ex
734 509 852 581 die
877 511 1363 601 prolatabant,
1413 512 1659 581 multis
1692 533 1931 595 coram
1977 524 2047 580 et
2082 512 2656 604 adprobantibus

403 610 683 685 Surena
716 613 945 706 patrio
973 637 1174 683 more
1199 611 1600 684 Tiridatem
1628 612 1895 703 insigni
1921 613 2116 703 regio
2149 615 2445 688 evinxit.
2485 622 2493 635 ’

610 763 878 840 XLIII.
982 759 1090 836 Ac
1120 768 1182 835 si
1209 754 1449 839 statim
1488 746 1829 837 interiora
1870 782 2272 862 ceterasque
2318 769 2653 838 nationes

400 870 793 963 petivisset,
859 893 1191 962 oppressa
1234 871 1722 940 cunctantium
1764 868 2113 940 dubitatio
2160 884 2230 940 et
2272 895 2531 940 omnes
2579 872 2654 938 in

402 997 632 1042 unum
681 972 1052 1041 cedebant:
1117 972 1509 1041 adsidendo
1568 972 1968 1056 castellum,
2047 972 2125 1039 in
2180 974 2383 1066 quod
2431 997 2652 1064 pecu-

402 1074 600 1145 niam
654 1087 725 1144 et
776 1073 1064 1165 pellices
1113 1070 1522 1144 Artabanus
1575 1075 2002 1158 contulerat,
2077 1075 2279 1144 dedit
2339 1076 2653 1166 spatium

404 1174 710 1245 exuendi
747 1190 973 1268 pacta.
1074 1174 1259 1247 Nam
1298 1172 1639 1246 Phraates
1681 1190 1748 1246 et
1790 1174 2051 1261 Hiero,
2117 1190 2188 1246 et
2232 1176 2297 1245 si
2348 1178 2484 1268 qui
2531 1177 2654 1245 alii

402 1278 757 1349 delectum
799 1277 1143 1371 capiendo
1185 1278 1571 1349 diademati
1619 1278 1810 1348 diem
1852 1273 2047 1347 haud
2102 1278 2652 1349 concelebrave-

399 1393 602 1465 rant,
660 1402 825 1473 pars
869 1380 1098 1465 metu,
1163 1382 1459 1476 quidam
1517 1380 1791 1449 invidia
1845 1379 1925 1448 in
1976 1376 2463 1469 Abdagesem,
2532 1381 2651 1474 qui

398 1494 558 1553 tum
598 1482 764 1555 aula
807 1496 879 1553 et
912 1507 1101 1552 novo
1148 1506 1309 1573 rege
1346 1482 1791 1576 potiebatur,
1854 1484 1947 1552 ad
1985 1477 2443 1552 Artabanum
2495 1508 2652 1552 ver-

400 1598 573 1658 tere.
676 1581 1003 1691 Isqnqin
1041 1581 1399 1679 Hyrcanis
1442 1598 1765 1677 repertus
1803 1596 1906 1653 est
1942 1583 2215 1653 inluvie
2262 1584 2546 1654 obsitus
2586 1599 2649 1654 et

399 1685 737 1757 alimenta
763 1711 930 1757 arcu
961 1688 1360 1780 expediens,
1420 1724 1431 1757 ι
1460 1711 1543 1757 ac
1569 1687 1836 1778 primo,
1869 1694 2230 1779 *tanquam
2274 1687 2493 1755 dolus
2528 1712 2650 1778 pa-

400 1801 716 1873 raretur,
771 1790 1089 1860 territus:
1139 1790 1272 1859 ubi
1305 1791 1467 1867 data
1502 1788 1678 1879 fides
1718 1789 2121 1858 reddendae
2164 1789 2646 1859 dominationi

401 1890 713 1975 venisse,
762 1891 1132 1972 adlevatur
1166 1891 1489 1962 animum
1520 1903 1628 1976 et,
1680 1915 1860 1985 quae
1890 1889 2263 1982 repentina
2292 1892 2646 1963 mutatio?

400 1993 730 2086 exquirit.

1567 2289 1953 2341 misericordia
1987 2288 2083 2340 sui
2106 2285 2402 2354 gloriaque
2428 2288 2643 2339 animos

1565 2359 1919 2410 audientium
1957 2357 2314 2423 impleverat.

1634 2429 1942 2479 adsidendo
1983 2427 2297 2477 castellum.
2374 2423 2452 2477 cf.
2488 2425 2540 2488 4,
2567 2426 2642 2478 58.

1567 2494 1795 2550 moenia
1822 2496 1979 2547 urbis
2000 2495 2282 2547 adsidens.
2352 2493 2451 2547 Sic
2468 2512 2638 2561 prae-

1564 2568 1750 2619 sidere
1790 2564 1841 2622 4,
1868 2565 1954 2617 72.
1998 2561 2048 2625 3,
2073 2561 2159 2615 39.
2256 2560 2507 2616 Kritzi'us
2547 2563 2633 2631 (cf.

401 2301 589 2338 nexus
624 2297 772 2341 erat.
847 2287 1004 2357 Quae
1029 2288 1272 2342 adfinitas
1298 2292 1482 2344 nonne

401 2365 671 2419 monstrat
697 2357 928 2411 alienam
966 2378 997 2411 a
1030 2359 1181 2429 puris
1205 2357 1481 2413 Arsacidis

401 2423 711 2494 originem?
783 2424 1068 2545 quantum
1104 2427 1268 2497 igitur
1300 2425 1482 2486 video,

403 2491 480 2546 nil
508 2509 645 2563 opus
671 2502 750 2546 est
779 2514 816 2545 u
841 2496 889 2549 la
915 2496 1212 2552 mutatione
1239 2506 1331 2550 aut
1351 2514 1481 2548 con·

402 2570 545 2614 torta
581 2561 816 2615 Broterii
862 2565 1204 2625 coniectura,
1264 2584 1324 2618 ex
1373 2584 1481 2635 qua

843 2008 1020 2065 tums
1041 1991 1265 2064 Hiero
1303 1992 1683 2086 pueritiam
1711 1992 2053 2063 Tiridatis
2093 1992 2419 2084 increpat
2436 2049 2459 2079 ‚
2526 2019 2666 2062 ne-·

401 2639 671 2682 materna
704 2632 921 2696 origine
957 2633 1273 2686 Arsacidem
1316 2632 1478 2687 dixis-

402 2708 540 2756 sent,
573 2708 634 2751 ut
658 2699 904 2769 spurium
935 2702 1295 2773 indigitarent.
1347 2702 1480 2757 Mox

401 2766 487 2819 ed.
515 2766 639 2821 Ald.
667 2779 1001 2835 capesceret.

472 2865 713 2922 Surena.
784 2869 1034 2941 Dignitas
1059 2889 1308 2943 suprema
1335 2875 1479 2943 apud

405 2936 594 2990 Persas
645 2937 1085 3011 (Grosswesser).
1156 2938 1228 2995 cf.
1280 2941 1476 2996 Strabo

404 3007 516 3068 16„
563 3025 621 3077 p.
663 3008 785 3061 747.
868 3009 1144 3063 Plutarch.
1189 3010 1247 3062 in
1282 3009 1477 3064 Crasso

331 3085 337 3096 ⁸
397 3093 455 3145 p.
487 3075 605 3130 561.
674 3078 1059 3141 Ammian.24,
1084 3082 1135 3133 2.
1173 3077 1258 3142 30,
1282 3080 1337 3133 2.

391 3229 394 3232 ,
473 3176 608 3230 CAP.
645 3176 729 3230 48.
823 3179 1100 3231 dubitatio
1156 3190 1211 3232 et
1260 3199 1475 3235 ornnes.

402 3242 529 3297 Noli
569 3260 701 3298 'cum
747 3247 1114 3300 Freinshemio
1166 3261 1374 3303 mutare
1419 3252 1476 3304 in

401 3315 785 3378 dubitatione,
838 3334 1055 3379 omncs,
1115 3337 1291 3389 neque
1351 3338 1481 3372 cum

399 3381 654 3435 Ernestio
723 3384 967 3438 iudicare
1032 3385 1110 3438 sic
1183 3389 1478 3459 elegantius

401 3449 550 3503 fore:
603 3452 777 3505 immo
814 3454 1067 3507 vitiosum
1106 3466 1254 3525 puta.
1340 3457 1478 3509 Nam

251 3563 266 3586 x
357 3531 362 3532 ⁷
401 3519 482 3572 sic
517 3522 870 3590 opprimenda
910 3525 1284 3577 cunctantium
1322 3526 1480 3578 dubi-

401 3589 535 3642 tatio
562 3590 785 3658 ponitur
805 3602 864 3644 ut
892 3609 1005 3643 non
1030 3594 1273 3662 pendens
1303 3614 1360 3646 ex
1389 3595 1479 3646 illa

402 3657 748 3712 conditione:
820 3661 873 3712 si
902 3697 917 3711 .
950 3699 964 3711 .
997 3697 1010 3710 .
1042 3663 1353 3728 petim'sset‚
1426 3672 1478 3714 et

399 3726 554 3797 quasi
576 3746 675 3798 per
700 3749 756 3782 se
781 3739 1052 3782 constans.
1126 3730 1332 3783 Verum
1366 3732 1477 3783 duo

401 3795 490 3848 hic
525 3797 956 3869 distinguuntur,
1006 3817 1142 3868 quae
1183 3800 1310 3852 inde
1388 3819 1478 3852 en-

403 3864 619 3919 debant.
733 3867 820 3919 Ad
893 3884 1165 3933 oppressa
1241 3870 1350 3921 inte
1378 3870 1410 3921 li
1450 3888 1478 3919 e

400 3945 547 3988 erat.
643 3934 786 3989 Nam
826 3935 962 3988 falso
1001 3936 1249 3988 Freinsh.
1329 3956 1393 3989 ro
1440 3938 1476 3989 i-

383 4004 478 4055 ·dit
517 4024 627 4056 non
669 4004 825 4057 facile
865 4005 1090 4073 reperiri
1129 4007 1183 4056 in
1229 3956 1324 4059 tasi
1357 4025 1476 4059 ora·

401 4072 552 4124 tione
571 4072 1073 4126 subiunctivum·vel
1099 4073 1479 4146 imperfectum

404 4142 859 4196 subaudIendum.
932 4143 1057 4195 Vid.
1086 4144 1294 4196 not.”ad
1327 4164 1373 4195 c.
1396 4144 1479 4196 35.

401 4211 550 4263 etad
576 4211 628 4275 2,
652 4212 737 4264 60.
815 4210 1069 4265 Ceterum
1101 4213 1246 4264 idem
1279 4212 1367 4264 hic
1403 4222 1491 4278 est,

403 4281 600 4333 modus
629 4280 861 4341 dicendi,
898 4300 1058 4351 quem
1079 4281 1312 4332 vidimus
1333 4300 1483 4351 supr·

404 4348 453 4409 4,
484 4348 535 4400 9.
574 4350 629 4400 si
652 4354 882 4401 modurn
911 4351 1165 4402 orationi
1182 4350 1479 4416 posuisset,

1564 2636 1805 2699 Alzgem.
1847 2632 2148 2685 Schulzeit.
2210 2630 2366 2684 183⁰.
2402 2651 2522 2702 ¹nr.
2564 2635 2636 2686 16.

1566 2723 1621 2774 p.
1659 2703 1799 2770 127.)
1848 2701 2095 2755 adfirmat
2143 2701 2466 2753 adsidendo
2524 2722 2636 2774 pro·

1564 2772 1771 2824 miscue
1847 2770 2055 2823 dictum
2132 2787 2269 2840 pro„
2310 2770 2634 2824 obsidendo.

1567 2839 1735 2907 Quod
1771 2837 2005 2892 multum
2042 2858 2072 2889 a
2102 2856 2232 2890 vero
2264 2837 2439 2892 abest.
2516 2839 2634 2892 Ver·

1565 2911 1693 2963 bum
1747 2909 2007 2968 adsidere
2057 2906 2431 2978 significanter
2461 2911 2636 2979 -expti-

1564 2977 1666 3029 mit
1690 2977 1922 3031 inertem
1947 2976 2280 3046 inritamque
2312 2993 2554 3029 moram.

1632 3049 1789 3100 haud
1855 3048 2394 3096 concelebraverant.
2503 3044 2632 3100 Cod.

1562 3114 1683 3167 MS.
1725 3114 1847 3168 edd.
1884 3111 2134 3172 Beroald.
2171 3112 2295 3166 Ale.
2339 3116 2479 3166 hoca·
2511 3135 2633 3168 con·

1563 3186 2003 3236 celebraverant.
2073 3181 2209 3234 Edd.
2237 3180 2489 3236 Rhenan.
2517 3186 2633 3238 ΑΜ.

1565 3270 1680 3322 sqq.
1707 3269 1823 3302 non
1840 3245 2044 3303 'conceL
2114 3250 2252 3302 Edd.
2272 3250 2502 3306 Pichen.
2525 3272 2633 3325 sqq.

1565 3323 1717 3371 haud
1761 3337 1912 3372 conc.
2009 3318 2259 3371 Heinsius
2316 3325 2633 3391 scripturam

1567 3389 1690 3441 cod.
1706 3387 1832 3440 MS.
1860 3388 2162 3441 accuratius
2186 3391 2452 3459 perpendi
2476 3392 2634 3445 iubet.

1568 3457 1909 3518 Considera,
1938 3476 2005 3509 an
2033 3456 2101 3510 sit
2125 3454 2451 3527 legendum:
2479 3464 2639 3527 gnari

1564 3543 1682 3577 non
1732 3528 2170 3577 celebraverant.
2272 3525 2418 3580 Nam
2464 3531 2631 3584 verbo

1567 3594 1871 3664 composito
1929 3613 2041 3646 non
2108 3595 2294 3663 utique
2352 3616 2492 3668 opus
2542 3611 2628 3652 est.

1570 3663 1757 3715 Gnari
1795 3672 1947 3721 sunt,
2001 3663 2121 3735 quis
2159 3665 2475 3719 nuntiatum
2511 3680 2629 3726 erat,

1562 3730 1721 3783 illum
1761 3730 1906 3783 diem
1945 3731 2209 3802 capiendo
2237 3732 2527 3788 diademati
2551 3740 2628 3789 de·

1565 3799 1790 3878 lectum,
1823 3811 1883 3851 ut
1909 3812 2120 3871 praesto
2146 3801 2413 3855 adessent.
2484 3806 2528 3858 F
2530 3815 2628 3859 aer-

1565 3887 1666 3921 nus
1697 3868 1959 3921 coniecit:
1995 3869 2135 3921 navi
2152 3887 2266 3921 non
2294 3890 2451 3925 conc.

1633 3938 2003 4003 Abdagesem.
2091 3936 2185 3990 Sic
2229 3940 2352 3991 edd.
2396 3940 2626 3995 Rhenan-
2732 3907 2733 3948 ἶ

1755 3999 2085 4057 Abdacese'n
2112 4006 2235 4059 edd.
2250 4007 2625 4064 Beroaldsme.

1716 4073 1884 4154 supr..
1910 4095 1958 4127 c.
1989 4074 2060 4127 86
2100 4085 2149 4126 et
2183 4075 2269 4129 37.
2316 4076 2482 4131 iidem
2518 4080 2625 4133 libri

1571 4164 1742 4196 veram
1780 4154 2105 4213 scripturam
2137 4156 2474 4216 sequuntur3
2510 4148 2623 4202 item

1565 4232 1693 4265 mox
1717 4213 1775 4264 in
1800 4211 1904 4265 hoc
1931 4213 2049 4282 ipso
2074 4213 2266 4282 capite.

1637 4285 1914 4333 alimenta
1937 4299 2075 4333 arcu
2101 4283 2433 4350 expediens.
2490 4286 2619 4340 Suet.

1569 4349 1667 4402 lul.
1708 4368 1757 4402 c.
1783 4350 1836 4403 4.
1864 4352 2141 4416 xexpedire
2158 4356 2442 4428 pecunias.

1563 4025 1684 4128 ἕξ·

2726 4255 2729 4358 1

2716 4601 2725 4874 ι
