2794 5085
2255 373 2319 418 A.
2353 374 2415 419 U.
2431 373 2538 418 775.

2262 426 2326 471 A.
2350 425 2407 470 C.
2461 428 2537 469 22.

397 366 550 455 284
1200 378 1809 461 ANNALIUM
1880 357 1883 361 ’

388 538 479 611 L.
524 533 846 607 Ennium
903 533 1210 628 equitem
1265 532 1681 605 Romanum
1737 534 2119 603 maiestatis
2172 538 2642 626 postulatum,
2703 604 2706 607 .

395 643 592 733 quod
655 639 955 729 effigiem
1005 636 1350 729 principis
1409 638 1892 727 promiscuum
1944 638 2034 704 ad
2085 661 2296 706 usum
2360 640 2643 728 argenti

394 740 751 825 vertisset,
814 739 1034 830 recipi
1070 737 1328 810 Caesar
1368 738 1555 807 inter
1600 762 1757 807 reos
1797 739 2057 822 vetuit,
2121 740 2359 830 palam
2397 765 2642 831 asper-

392 858 612 913 nante
643 838 850 911 Ateio
890 840 1235 932 Capitone
1285 841 1486 933 quasi
1531 864 1661 931 per
1703 828 2126 911 libertatem.
2229 839 2397 910 Non
2440 843 2639 910 enim

397 947 654 1015 debere
696 943 877 1035 eripi
905 943 1223 1033 patribus
1252 943 1402 1008 vim
1447 941 1829 1011 statuendi:
1890 954 2442 1033 neque-tantum
2481 969 2641 1013 ma-

394 1047 701 1115 leficium
737 1045 1029 1135 impune
1067 1040 1501 1115 habendum.
1606 1067 1772 1111 sane
1813 1043 2047 1111 lentus
2091 1043 2169 1111 in
2212 1067 2339 1112 suo
2385 1046 2637 1114 dolore

362 1194 369 1199 ι
395 1162 604 1217 esset:
655 1146 761 1215 rei
790 1146 1116 1237 publicae
1147 1144 1447 1213 iniurias
1471 1169 1560 1211 ne
1589 1144 1984 1233 largiretur.
2073 1126 2436 1215 Intellexit
2465 1142 2636 1216 haec

394 1248 763 1333 Tiberius,
811 1261 894 1317 ut
941 1260 1143 1317 erant
1182 1247 1435 1335 magis,
1488 1252 1699 1338 quain
1741 1259 1822 1314 ut
1866 1248 2319 1332 dicebantur,
2369 1249 2632 1338 persti-

326 1438 338 1447 ·
391 1351 615 1443 titque
642 1349 1097 1421 intercedere.
1200 1345 1452 1438 Capito
1485 1347 1896 1436 insignitior
1924 1349 2217 1416 infamia
2246 1348 2632 1442 fuitsquod

388 1447 690 1539 humani
719 1451 1090 1543 divinique
1120 1450 1294 1517 iuris
1326 1449 1551 1518 sciens
1585 1449 1938 1539 egregium
1978 1450 2356 1541 publicum·
2393 1465 2465 1520 et
2505 1453 2633 1521 bo-

390 1576 521 1623 nas
555 1554 753 1648 domi
782 1567 964 1620 artes
996 1546 1619 1624 dehonestavisset.
1649 1559 1668 1573 ²

594 1703 859 1778 LXXI.
961 1702 1255 1775 Incessit
1300 1704 1469 1771 dein
1526 1687 1774 1794 reli'gio
1798 1759 1817 1788 ‚
1886 1680 2201 1796 quonam
2244 1703 2323 1772 in
2367 1664 2628 1798 templo

390 1811 776 1881 locandum
814 1810 998 1876 foret
1041 1808 1353 1890 donum,
1421 1807 1614 1897 quod
1654 1831 1784 1897 pro
1824 1806 2232 1874 valetudine
2270 1806 2629 1896 Augustae

394 1910 664 2006 equites
708 1908 1026 1981 Romani
1060 1921 1414 1995 ‘voverant
1442 1904 1778 2001 Equestri
1808 1906 2187 1980 Fortunae.
2293 1932 2468 1977 nam
2509 1910 2629 1980 etsi

458 2174 780 2240 insignitior
819 2170 1077 2239 infamia.
1151 2168 1289 2222 Edd.
1330 2177 1464 2223 vett.
1552 2169 1678 2223 infr.
1705 2169 1755 2231 6,
1772 2168 1857 2221 24.
1883 2175 2156 2235 tanquam
2174 2171 2484 2235 egregium,
2511 2171 2626 2223 sub·

348 2288 353 2291 .
392 2245 709 2309 insigm'or3
758 2241 994 2293 Picbena
1023 2259 1051 2290 e
1082 2238 1205 2290 cod.
1234 2237 1354 2290 MS.
1383 2256 1466 2288 re·
1552 2238 1804 2293 stantive.
1902 2237 1989 2288 De
2026 2255 2135 2306 quo
2178 2257 2279 2289 usu
2335 2238 2406 2291 cf.
2450 2240 2625 2309 Viger.

392 2313 563 2366 stituit
611 2311 943 2375 insignitior.
1035 2306 1240 2359 Heinsii
1287 2306 1469 2366 conie·
1555 2327 1601 2360 c.
1640 2306 1690 2360 3.
1740 2315 1870 2359 sect.
1909 2305 1961 2357 2.
2014 2314 2125 2375 reg.
2168 2308 2218 2358 1.
2287 2306 2537 2359 Rhenan.
2575 2309 2622 2359 iu

393 2392 605 2433 eturatn
651 2380 925 2446 infamiae
964 2396 990 2427 e
1031 2379 1190 2446 prave
1240 2383 1466 2443 accepto
1541 2376 1773 2446 >castigg.
1800 2392 1885 2436 se,
1921 2391 2045 2425 rem
2063 2375 2352 2440 publicam
2376 2385 2434 2427 et
2456 2378 2626 2427 bonas

393 2448 707 2503 Graecismo
740 2446 1027 2508 oriundam
1061 2442 1184 2495 satis
1211 2441 1470 2497 refutavit
1553 2454 1656 2495 etz.
1715 2506 1718 2509 Ι

388 2517 689 2571 Ernestius.
1638 2509 1773 2564 CAP.
1807 2509 1894 2563 71.
1989 2510 2260 2579 Equestri
2277 2504 2624 2566 ”Fortunam

459 2586 744 2652 egregium
779 2583 1084 2649 publicum.
1182 2578 1346 2630 Varie
1390 2578 1466 2629 in-

390 2663 774 2724 terpretantur.
830 2648 1071 2702 Rickiess
1098 2651 1248 2700 seiae
1274 2647 1467 2712 offent-

348 2765 351 2768 .
387 2724 529 2774 liobe
566 2720 826 2782 Wilrde3
867 2716 1097 2771 Haekius
1126 2717 1467 2782 &ffentliches

397 2781 606 2851 With
694 2787 1045 2841 Woltmann
1128 2785 1469 2852 offentliches

273 2887 283 2907 ·
387 2858 550 2924 He1'15
597 2854 923 2910 Strombeck
950 2863 1002 2906 et
1027 2853 1331 2905 Herrmann
1372 2850 1465 2918 bs-

374 2927 685 2999 senilichen
716 2927 921 2980 Ruhm.
997 2923 1252 2990 Quorum
1279 2921 1330 2971 bi
1359 2918 1466 2971 soli

388 2996 559 3050 Taciti
590 3005 823 3047 mentem
853 2991 1168 3063 expressisse
1194 2989 1462 3040 videntur.

385 3065 525 3118 Nam
561 3063 852 3129 egregium
879 3062 1017 3132 apud
1046 3060 1306 3114 Nostrum
1336 3075 1465 3109 con·

386 3144 591 3190 stanter
619 3150 684 3185 eo
707 3130 1011 3201 significatu
1035 3128 1249 3189 dieitur,
1285 3136 1345 3177 ut
1372 3142 1465 3193 op-

386 3212 624 3275 ponatur
657 3201 882 3268 pravis,
925 3199 1198 3259 scelestiS,
1239 3195 1466 3245 indeco-

385 3271 480 3325 ris.
551 3270 625 3324 cs.
669 3268 750 3331 14,
773 3270 884 3320 60..
915 3270 960 3328 1,
991 3266 1073 3318 12.
1107 3274 1158 3316 et
1188 3264 1270 3316 13.
1301 3273 1352 3315 et
1374 3262 1462 3312 42.

387 3348 441 3392 et
468 3339 549 3391 59.
595 3336 644 3399 3,
669 3339 721 3389 6.
791 3336 859 3388 Et
891 3335 979 3387 hic
1013 3333 1294 3399 egregium
1323 3329 1461 3382 illud

389 3419 442 3461 et
464 3409 647 3457 bonae
670 3415 849 3466 artes,
882 3403 1113 3456 invicem
1138 3417 1462 3471 synonyma,

389 3474 795 3544 distinguuntur
874 3491 931 3524 er
962 3471 1247 3537 publicum
1278 3477 1329 3520 et
1355 3471 1462 3518 do-

386 3545 498 3605 mi,
542 3560 676 3612 quae
706 3492 970 3593 vocassula
1011 3549 1262 3608 etsupra
1302 3553 1350 3589 c.
1375 3533 1460 3587 33.

388 3631 556 3683 aeque
579 3609 679 3662 sibi
710 3619 1081 3679 opponuntur.
1145 3609 1255 3658 lam
1283 3607 1463 3655 bonae

387 3690 548 3734 artes
575 3688 732 3736 sunt,
781 3676 929 3752 quod
972 3684 1234 3727 nostrates
1260 3669 1465 3725 'dicunt

387 3747 925 3812 Rechtschnffenheit
940 3765 955 3805 ,·
972 3744 1117 3796 1hinc
1129 3742 1286 3795 etiam
1311 3754 1463 3806 egre-

386 3822 542 3885 gium
569 3816 633 3876 de
658 3818 856 3870 virtute
884 3813 1062 3881 potius
1082 3829 1242 3881 quam
1272 3808 1336 3860 de
1360 3807 1463 3859 viri

391 3886 646 3957 dignitate
678 3893 769 3936 aut
802 3883 866 3934 de
890 3880 1058 3936 salute
1095 3880 1172 3932 rei
1214 3877 1464 3949 publicae

387 3952 801 4024 intelligendum
847 3967 958 4002 esse
994 3967 1221 4006 censen,
1270 3956 1330 3997 ut
1363 3946 1459 3997 sit:

386 4025 544 4077 scine
603 4021 906 4087 offentliche
963 4018 1024 4069 V
1018 4017 1225 4082 artreff
1225 4014 1464 4077 lichkeit,

387 4096 511 4143 sein
570 4090 868 4142 Verdc'enst
925 4088 1014 4138 als
1061 4088 1463 4141 Stant-smann-

332 4223 339 4228 ι
390 4159 768 4229 Opponuntur
827 4158 1011 4207 bonae
1071 4153 1234 4205 domi
1259 4142 1270 4161 ”
1288 4159 1463 4214 artes,

388 4232 507 4284 sein
523 4227 917 4291 ‘personlicher
946 4222 1461 4275 Charakterwerth.

386 4296 687 4362 Egregium
703 4296 986 4361 publicum
1021 4290 1227 4343 dietum
1257 4298 1362 4351 est,
1405 4299 1482 4339 ut.

391 4366 598 4419 bonum
633 4364 716 4418 vel
751 4364 969 4419 malum
995 4361 1295 4428 publicum.
1370 4356 1467 4411 Sic

620 4561 635 4594 X

1556 2579 1837 2648 Quoniam
1906 2598 2031 2630 mox
2104 2579 2302 2631 dicitur
2370 2582 2627 2651 templum

1555 2651 1668 2701 eius
1706 2651 1835 2700 deae
1879 2647 1935 2699 in
1974 2648 2106 2700 urbe
2146 2666 2260 2699 non
2305 2669 2419 2701 esse
2451 2670 2623 2720 reper-

1552 2728 1700 2780 tum,
1738 2727 1927 2769 contra
1941 2714 2191 2768 Valerius
2221 2717 2369 2770 Max.
2399 2720 2449 2778 1,
2481 2723 2527 2781 1,
2544 2720 2623 2780 20.

1552 2796 1603 2838 et
1621 2785 1739 2838 Liv.
1767 2786 1850 2846 40,
1872 2783 1957 2835 40.
1988 2783 2183 2853 aliique
2212 2797 2472 2838 auctores
2490 2796 2624 2848 sunt,

1553 2853 1624 2921 Q.
1644 2853 1895 2905 Fulw‘ium
1909 2853 2113 2905 Romae
2139 2854 2416 2906 dedicasse
2443 2856 2624 2907 aedem
2673 2883 2676 2888 -

1550 2924 1824 2975 Fortunae
1863 2921 2142 2990 Equestri;
2196 2924 2454 2974 nonnulli
2505 2942 2623 2976 cum

1550 2992 1733 3062 Lipsio
1777 2989 2117 3058 suspicantur
2163 3008 2281 3040 eam
2318 2990 2509 3042 aedem
2544 2994 2623 3044 iu·

1551 3059 1748 3114 cendio
1792 3068 2171 3128 consumptam
2210 3058 2276 3109 ad
2324 3059 2392 3110 id
2416 3069 2622 3131 tempus

1552 3147 1665 3180 non
1706 3124 1982 3178 exstitisse.
2068 3125 2222 3192 Quae
2266 3136 2453 3179 tamen
2489 3128 2621 3180 ratio

1551 3216 1660 3248 non
1699 3195 1821 3246 satis
1864 3205 1982 3263 apta
2021 3213 2133 3245 esse
2175 3194 2388 3246 videtur
2425 3195 2622 3248 adtol-

1549 3262 1768 3320 lendam
1794 3261 2180 3314 difficultatem.
2254 3263 2396 3316 Nam
2410 3263 2622 3317 Tacitus

1544 3332 1616 3383 ita
1647 3332 1889 3395 loquitur
1928 3329 1993 3381 de
2032 3329 2131 3383 hac
2163 3348 2253 3391 re,
2289 3341 2350 3381 ut
2379 3344 2620 3401 apertum

1546 3402 1642 3462 sit,
1684 3400 1891 3451 Romae
1928 3399 2084 3468 plane
2121 3398 2432 3451 inauditum
2465 3400 2619 3454 fuisse

1547 3469 1814 3539 templum
1850 3484 1914 3517 eo
1947 3479 2341 3536 cognomento.¹
2405 3467 2465 3519 Si
2496 3489 2616 3522 casu

1547 3536 1732 3606 aliquo
1763 3546 1878 3587 tum
1904 3533 2163 3603 templum
2191 3535 2333 3586 illius
2352 3536 2618 3589 Fortunae

1529 3603 1815 3657 'abolitum
1835 3613 2008 3683 esset&
2023 3604 2271 3673 profecto
2292 3606 2617 3658 mentionem

1550 3672 1665 3734 eius
1697 3691 1857 3724 casus
1904 3682 2138 3740 scriptor
2177 3671 2421 3731 fecisset,
2480 3673 2617 3744 quod

1547 3752 1693 3793 recte
1713 3739 2086 3792 animadvertit
2100 3738 2358 3810 Ryckius.
2402 3740 2615 3809 Quaero

1548 3811 1737 3871 etiam,
1816 3808 1945 3877 quid
2002 3809 2103 3860 sibi
2165 3807 2414 3863 voluerit·
2470 3813 2615 3864 aedes

1546 3876 1827 3946 Equestris
1863 3876 2136 3929 Fortunae
2176 3876 2319 3945 apud
2355 3879 2614 3931 Antium?

1546 3964 1745 4066 porro,
1790 3944 1921 4014 quid
1951 3945 2202 3999 valetudo
2230 3947 2504 4017 Aug‘ustae
2535 3949 2615 3999 ha-

1589 4014 1725 4065 uerit
1753 4032 1876 4065 cum
1906 4012 2151 4082 Equestri
2181 4013 2462 4068 Fortuna?
2532 4017 2612 4069 sa·

1546 4082 1615 4134 tis
1648 4082 1814 4150 igitur
1843 4081 2133 4134 verisimile
2160 4091 2268 4140 est,
2309 4084 2444 4137 vitio
2481 4085 2612 4138 labo·

1546 4169 1669 4203 rare
1712 4160 1933 4202 textum.
2002 4149 2120 4203 Nec
2158 4149 2483 4211 defuerunt,
2527 4152 2610 4223 qui

1550 4219 1921 4280 emendarent.
2038 4216 2305 4270 Gruterus
2356 4223 2610 4273 coniecit:

1550 4288 1841 4353 Sequestri
1866 4287 2178 4340 Fortunae.
2251 4286 2500 4342 Probant
2535 4289 2608 4340 Pi·

1550 4356 1754 4418 ebena,
1789 4356 1835 4411 1.
1863 4356 1955 4410 Fr.
1985 4354 2326 4419 Gronovius,
2362 4357 2607 4430 Rycffim.
