2794 5085
842 306 1646 459 'PRAErA'Tlo
1843 376 1848 379 ·
1987 306 1990 313 ’
2095 336 2106 345 ’
2231 296 2416 453 xvi»-

187 501 567 575 Pichenam
594 506 941 576 *eiusdem
964 507 1171 576 libri*
1209 508 1662 583 collationem
1689 507 2103 578 'instituerat
2147 506 2396 579 Petrus

186 606 544 678 Victorius
603 607 1118 702 reliqueratque
1175 611 1477 700 margini
1527 611 1942 701 exemplaris
1983 609 2398 680 Beroaldini

166 712 633 801 adscriptam,
683 713 873 780 unde·
901 735 1093 780 nunc
1118 713 1351 803 primo
1381 713 1654 802 publici
1687 712 1864 782 iuris
1893 737 2049 781 eam
2076 713 2394 784 facimus·

180 812 320 889 Sed
352 815 442 882 de
463 808 604 887 hac
631 834 711 891 re
737 813 922 882 infra
950 814 1243 886 dicetur.
1303 894 1312 902 ⁵
1343 812 1715 884 Praeterea
1745 815 1821 882 in
1854 817 2099 884 eadem
2131 815 2397 884 biblio-

180 910 379 999 theca
406 906 824 984 Florentino
852 912 1165 985 Pichena
1195 931 1267 986 et
1292 915 1661 987 Broterius
1694 918 1871 986 alios
1909 919 2089 987 duos
2120 917 2396 986 codices

180 1015 483 1090 Msstos
508 1017 876 1101 viderunt,
924 1016 1045 1086 sed
1075 1019 1628 1104 recentissimoS‚
1679 1044 1987 1111 quorum
2013 1020 2192 1109 alter
2215 1019 2398 1088 inci-
2499 1050 2503 1055 ·

177 1119 285 1211 pit
320 1119 831 1189 *abfundeeimo
863 1120 1261 1193 Annalium
1304 1121 1533 1205 libro,
1584 1121 1831 1191 finitur
1868 1134 2163 1192 exeunte
2206 1121 2393 1189 libro

178 1224 492 1293 secundo
508 1220 1035 1308 Historiarum,
1100 1224 1277 1294 alter
1317 1225 1604 1293 eosdem
1631 1218 2024 1293 Annalium
2070 1236 2139 1292 et
2182 1223 2396 1315 quin—

176 1348 313 1417 que
345 1322 824 1393 Historiarum
852 1324 1077 1394 libros
1119 1326 1630 1416 complectitur.
1731 1320 2044 1394 Pichena
2084 1351 2166 1393 ex
2207 1320 2394 1399 hisce

172 1406 540 1499 codicibus
593 1450 762 1496 uno
790 1428 1095 1496 alterove
1141 1428 1298 1496 loco
1342 1429 1692 1520 quaedam
1739 1428 1976 1499 attulit
2018 1450 2246 1519 neque
2287 1440 2394 1494 ta—

172 1548 343 1598 men
364 1529 630 1599 iustam
660 1549 895 1599 eorum
925 1529 1377 1600 collationem
1406 1530 1760 1602 instituit.
1838 1529 2022 1599 Nam
2071 1544 2223 1599 tum
2270 1530 2395 1596 de-

173 1655 372 1705 mum
400 1630 481 1698 in
507 1632 843 1720 auxilium
873 1655 990 1699 eos
1012 1631 1323 1717 vocavit,
1373 1657 1535 1701 cum
1565 1612 1784 1700 codex
1809 1632 2061 1703 litteris
2075 1629 2394 1719 Langob

177 1734 511 1825 scriptus
508 1733 908 1819 defecisset.
1024 1729 1453 1824 Exspectant
1511 1735 1728 1823 igitur
1783 1735 2018 1803 virum
2083 1735 2393 1816 doctum,

176 1835 317 1927 qui
338 1836 625 1915 evolvat
666 1850 736 1907 et
776 1837 1137 1905 nobiscum
1191 1837 1662 1907 communicet
1709 1862 1889 1930 quae
1921 1821 2393 1927 'praebuerint

174 1938 553 2013 subsidia.
696 1972 699 1977 ⁴

248 2068 283 2103 μ.
379 2038 455 2133 §.·
479 2034 600 2113 15.
634 2030 943 2110 Codices
964 2034 1201 2110 MS’S.
1224 2012 1607 2114 Vaticani.
1712 2039 1967 2110 Insunt
1998 2040 2217 2109 iidem
2236 1980 2393 2106 An-

183 2142 451 2211 nalium
487 2139 1100 2235 Historiarumque
1150 2143 1322 2213 libri
1369 2156 1704 2235 quattuor
1750 2143 2112 2212 codicibus
2155 2142 2233 2207 in
2278 2140 2392 2208 hi-

187 2236 530 2313 bliotbeca
551 2241 882 2316 Vaticma
913 2270 951 2314 a
969 2243 1296 2315 Broterio
1325 2245 1659 2337 repertis,
1709 2244 1836 2336 qui
1864 2244 2389 2314 inscribuntur:

179 2337 514 2415 Cornelii
523 2341 782 2416 Taciti
798 2355 1120 2415 actorum
1152 2340 1616 2416 diurnalium
1634 2340 2012 2440 Augustae
2045 2342 2230 2415 liber
2245 2338 2388 2412 XI.

176 2449 663 2520 Numerantur
693 2462 761 2518 et
788 2449 1277 2519 describuntur
1311 2450 1443 2519 sic:

273 2544 462 2623 Cod.
492 2547 672 2624 MS.
711 2548 801 2626 V
785 2551 1047 2626 atican.
1087 2552 1345 2633 1863„
1408 2552 2018 2636 membranaceus,
2067 2563 2387 2620 exaratus

481 2650 760 2724 saeculo
804 2654 997 2728 XIV.
1033 2669 1327 2725 exeunte
1366 2669 1490 2725 aut
1527 2656 1817 2724 ineunte
1861 2652 2058 2738 XV„
2133 2652 2385 2721 similis

482 2758 713 2827 codici
747 2756 947 2828 MSto
1002 2753 1478 2828 bibliothecae
1519 2757 1749 2847 regiae
1785 2754 2226 2838 Parisiensis.
2296 2754 2383 2828 cf.

268 2860 1315 3047 Cod.}‡1S.Vancan1864.‚
1360 2960 1939 3031 membranaceus
1969 2971 2037 3026 et
2061 2957 2380 3026 eiusdem

479 3089 645 3134 cum
688 3064 815 3134 illo
845 3063 1122 3149 aetatiS‚
1180 3088 1309 3131 nec
1345 3061 1688 3132 absimilis
1732 3061 1798 3128 ei
1835 3059 2104 3142 codici,
2139 3059 2380 3150 quem

476 3165 762 3284 Lipsius
785 3164 1286 3235 Parnesianum
1315 3156 1643 3255 appellat.
1744 3159 1851 3230 Ita
1883 3172 2174 3278 testatur
2192 3156 2378 3229 Bro-

263 3269 1288 3448 0οᾱ.ἷῧέ1ῗαειεαη1958.,
1335 3365 1535 3435 cuius
1565 3377 1751 3433 aetas
1776 3362 1854 3432 in
1883 3362 2054 3431 libri
2083 3365 2221 3432 fine
2250 3388 2374 3432 ex-

480 3496 716 3565 pressa
740 3481 828 3541 es!
854 3472 981 3539 sic:
1031 3464 1127 3538 Si
1153 3463 1529 3564 quispiam
1556 3459 1730 3538 hinc
1759 3458 2212 3560 descripserit
2238 3488 2374 3533 no·-

483 3599 687 3656 vum,
775 3570 946 3643 sciat
1015 3593 1125 3640 me
1187 3578 1547 3666 quantum
1613 3592 1650 3636 r
1637 3588 1837 3739 ἀρετ-ι
1874 3561 2208 3659 fideliter
2270 3565 2378 3637 ab

479 3673 808 3773 exemplo
835 3669 1423 3769 transcripsisse,
1490 3694 1634 3768 quo
1731 3666 1919 3738 inter
1960 3678 2222 3750 cetera,
2282 3663 2372 3737 de

480 3777 746 3876 quibus
790 3775 1038 3855 scitur,
1107 3797 1253 3844 non
1298 3782 1401 3842 est
1448 3795 1671 3870 neque
1707 3769 2101 3868 pessimum
2147 3792 2371 3865 neque
2407 3779 2415 3786 ‘

392 3919 397 3920 ff
479 3876 1118 3951 mendosissimum.
1225 3885 1493 3961 Τέλος
1538 3882 1719 3971 Θεῷ
1759 3875 2110 3968 Χάρειν
2212 3867 2371 3940 Die

477 3981 781 4081 septimo
861 3976 1132 4050 decimo
1215 3969 1557 4047 Octobris
1647 3971 1746 4043 ab
1841 3982 2003 4043 ortu
2088 3968 2367 4041 Salva-

481 4082 668 4154 toris
781 4081 1003 4153 nostri
1104 4075 1392 4151 domini
1492 4073 1667 4146 Iesu
1771 4067 2064 4147 Christi
2166 4099 2368 4146 anno

479 4178 1077 4257 MCCCCXLV
1064 4180 1172 4252 II
1167 4180 1272 4253 II
1299 4177 1608 4256 Genuae
1628 4173 1868 4277 pridie
1900 4177 2182 4277 festum
2212 4173 2371 4250 divi

475 4283 730 4364 Lucae
760 4282 1297 4381 Emngclislae.
1350 4332 1356 4340 -
