2794 5085
2226 372 2371 422 ΑᾹΙ.
2399 375 2498 420 7⁷⁵.

368 376 523 451 202
573 383 577 388 ·
1180 368 1794 487 ANNALIUM
2223 425 2374 475 M„
2426 427 2502 472 22

564 527 905 611 LXVIII.
1004 526 1343 600 Tiberius
1383 539 1566 627 qu'ae
1608 518 1684 600 in
1714 530 2047 602 Silanum
2072 531 2406 623 parabat,
2458 557 2609 625 quo

363 634 759 715 excusatius
810 632 945 702 sub
988 632 1306 723 exemplo
1349 633 1871 724 acciperentur,
1932 633 2218 703 libellos
2254 634 2413 702 divi
2447 630 2613 704 Au-

358 735 551 826 gusti
624 735 716 804 de
774 733 1038 804 Voleso
1103 733 1441 804 Messalla
1507 736 1826 804 eiusdem
1887 729 2103 804 Asiae
2173 738 2610 827 proconsule

360 841 767 931 factumque
826 837 906 907 in
985 860 1149 905 eum
1213 850 1496 906 senatus
1563 830 1993 907 consultum'
2029 836 2319 906 recitari
2382 837 2610 911 iubet.

364 939 558 1010 Tum
586 937 673 1012 L.
700 937 1037 1007 Pisonem
1065 937 1487 1029 sententiam
1524 952 1748 1028 rogat.
1793 1014 1800 1023 x
1851 939 1974 1007 ille
1999 939 2309 1008 multum
2337 940 2429 1008 de
2465 941 2612 1008 cle-

361 1041 627 1111 mentia
656 1038 1004 1135 principis
1041 1038 1397 1131 praefatus
1429 1064 1616 1133 aqua
1653 1053 1865 1134 atque
1909 1041 2063 1130 igni
2087 1039 2334 1111 Silano
2379 1041 2611 1111 inter-

340 1142 748 1213 ·dicendum
780 1142 1052 1211 censuit
1078 1142 1451 1234 ipsumque
1481 1143 1562 1210 in
1593 1141 1904 1211 insulam
1933 1141 2258 1237 Gyarum
2280 1143 2610 1232 relegan-

362 1245 561 1317 dum.
660 1239 936 1315 Eadem
977 1244 1227 1329 ceteri,
1271 1243 1416 1311 nisi
1454 1245 1649 1338 quod
1675 1241 1810 1314 Cn.
1836 1242 2185 1314 Lentulus
2212 1245 2609 1337 separanda

361 1345 594 1418 Silani
618 1359 938 1419 materna
959 1346 1177 1429 bona,
1216 1345 1480 1438 quippe
1506 1346 1646 1414 alia
1678 1360 1971 1436 parente
2009 1346 2254 1436 geniti,
2293 1346 2610 1443 redden-

358 1449 593 1542 daque
623 1447 772 1517 filio
802 1448 991 1517 'dixit
1020 1448 1387 1517 adnuente
1410 1446 1732 1531 Tiberio.
1773 1462 1776 1465 ’
2069 1524 2084 1533 s
2169 1485 2179 1491 ·

560 1546 826 1623 LXIX.
858 1628 865 1632 .
904 1544 1022 1618 At
1044 1545 1423 1618 Cornelius
1448 1548 1822 1619 Dolabella
1840 1602 1861 1632 ‚
1914 1549 2088 1618 dum
2117 1548 2608 1620 adulationem

360 1650 647 1740 longius
706 1651 1061 1743 sequitur,
1122 1650 1489 1742 increpitis
1529 1647 1611 1722 C.
1654 1648 1887 1720 Silani
1929 1650 2253 1725 moribus
2306 1652 2608 1736 addidit,

360 1777 454 1821 ne
499 1751 660 1844 quis
703 1752 852 1821 vita
906 1754 1293 1843 probrosus
1336 1767 1407 1821 et
1463 1765 1750 1842 opertus
1808 1751 2103 1821 infamia
2155 1753 2607 1844 provinciam

362 1854 766 1943 sortiretur:
846 1854 1064 1949 idque
1104 1853 1435 1945 princeps
1475 1852 1920 1925 diiudicaret.
1987 1917 1996 1935 ,
2036 1876 2207 1922 nam
2244 1878 2283 1922 a
2315 1847 2604 1945 legibus

361 1955 616 2025 delicta
657 1956 933 2047 puniri:
1002 1969 1268 2049 quanto
1317 1957 1473 2023 fore
1501 1955 1771 2023 ‘mitius
1810 1954 1890 2021 in
1939 1955 2164 2046 iPSOS,
2206 1956 2487 2025 ·melius
2527 1957 2603 2025 in

360 2056 590 2128 socios
632 2058 1035 2148 provideri,
1087 2080 1182 2126 ne
1222 2057 1676 2149 peccaretur?
1775 2051 2182 2126 Adversum
2227 2082 2413 2149 quae
2458 2059 2606 2127 dis-

363 2160 587 2230 seruit
622 2156 907 2231 Caesar:
965 2185 1116 2229 non
1159 2160 1451 2255 quidem
1493 2159 1635 2229 sihi
1659 2158 1943 2250 ignara,
2003 2182 2185 2252 quae
2223 2159 2315 2227 de
2354 2158 2602 2233 Silano

432 2369 569 2425 CAP.
594 2368 685 2424 68.
757 2326 1046 2422 Messalla.
1117 2367 1191 2421 cf.
1222 2377 1338 2421 not.
1371 2366 1441 2421 ad

137 2446 152 2465 ¹
258 2468 263 2471 ·
367 2442 417 2504 1,
441 2440 491 2492 8.
515 2457 632 2492 non
663 2437 730 2492 de
759 2437 908 2500 viro,
947 2438 1042 2490 sed
1066 2436 1134 2489 de
1158 2437 1441 2505 scriptura.

326 2508 511 2582 2·C⁰d·
555 2505 680 2561 MS.
728 2515 781 2559 et
828 2516 956 2560 vett.
1004 2505 1126 2561 edd.
1174 2500 1264 2558 hic
1311 2504 1442 2559 dant

363 2577 638 2630 Messala.
1264 2595 1271 2607 <

436 2645 572 2712 igni.
668 2643 763 2698 Sic
799 2642 924 2696 edd.
965 2643 1094 2703 Ber.
1136 2641 1280 2716 Lips.
1322 2661 1442 2715 sqq.

363 2715 491 2784 igne
517 2711 638 2765 edd.
664 2712 839 2765 Rhea.
869 2711 999 2771 Ald.
1380 2773 1389 2784 s

435 2782 636 2850 quippe
674 2782 796 2833 alia
820 2790 1066 2847 parente
1101 2781 1294 2850 geniti.
1376 2781 1441 2837 C.

280 2897 287 2902 .
362 2848 578 2904 Silanus
607 2851 653 2904 si
680 2849 784 2902 fuit
818 2849 985 2904 frater
1009 2850 1095 2904 M.
1127 2860 1179 2902 et
1201 2850 1262 2904 L.
1289 2859 1343 2903 et
1367 2849 1442 2905 D.

312 2929 315 2936 “
365 2919 714 2984 Silanorum,
750 2918 818 2971 de
882 2920 1039 2972 uibus
1061 2919 1260 2973 Noster
1282 2916 1333 2982 8,
1352 2920 1441 2971 24.

365 2996 421 3040 et
448 2990 529 3053 12,
552 2989 606 3042 4.
644 2990 698 3043 8.
735 2997 788 3041 et
815 2992 841 3041 1
882 3025 898 3047 ,
925 2990 971 3040 1.
984 3028 1000 3053 ,
1050 3000 1167 3041 tum
1209 2998 1443 3042 matrem

365 3056 478 3111 eius
538 3056 707 3120 intelli

362 3125 689 3197 proneptem
712 3077 800 3179 {u
841 3125 946 3178 usti
987 3145 1047 3179 ex
1067 3124 1215 3177 dulia
1248 3126 1444 3196 Agrip·

404 3215 468 3248 ae
502 3207 555 3248 et
593 3195 754 3258 Iuliae
836 3195 927 3247 lia.
998 3193 1061 3246 ld
1100 3204 1309 3248 certum
1349 3205 1445 3257 est,

405 3284 517 3317 unc
536 3259 780 3318 Silan'um
808 3262 970 3315 fuisse
1000 3260 1226 3316 fratrem
1254 3260 1443 3315 Iuniae

365 3332 693 3403 Torquatae.
739 3330 808 3384 cf.
842 3350 888 3384 c.
917 3330 1003 3383 69.
1034 3342 1087 3383 et
1111 3330 1442 3383 luniusTor-

367 3410 560 3523 23²⁵·
575 3398 1448 3539 ’ιεἙίἶηίδἳὲωὲξεηιέἑηῗίἑὲἓζ

365 3507 546 3610 igitur,
559 3536 700 3590 haud
726 3536 885 3588 dubie
909 3536 1014 3589 fuit
1039 3535 1229 3588 domui
1258 3533 1443 3589 Caesa·

365 3625 493 3659 rum
525 3625 623 3677 per
649 3614 901 3657 matrem:
974 3604 1088 3657 Iam
1125 3605 1444 3675 interpretes

240 3679 247 3686 ’
345 3671 590 3729 ‘haerent
633 3675 692 3725 in
726 3691 866 3727 voce
916 3674 1063 3731 alia,
1123 3692 1258 3743 quae
1305 3674 1443 3725 mul-

367 3745 435 3799 tis
482 3740 948 3795 emendationibus
1004 3740 1445 3811 coniecturisque

369 3812 712 3866 occasionem
797 3808 1062 3878 praebuit.
1194 3810 1443 3880 Lipsius:

352 3881 571 3963 ‘quippe
630 3881 740 3931 tali
789 3887 1033 3947 parente
1079 3880 1289 3959 geniti,
1353 3877 1444 3933 vel

366 3950 705 4088 gfflsssssfss
723 3947 1220 4085 Ζῖῖὲἷέΐῗὶῑιπῖῗ
1247 3946 1445 4083 {3333ae

278 4127 281 4132 ,
368 4088 493 4137 alta
516 4095 776 4151 parente.
824 4083 1258 4146 Freinshemiusz
1290 4087 1445 4151 quip-

361 4154 629 4221 pe'Iulia
677 4173 733 4220 p.
776 4171 830 4220 g.
923 4152 1181 4205 Grotius:
1242 4152 1446 4220 quzjvpe

368 4222 569 4279 Mallia
599 4230 842 4289 parente
875 4239 929 4287 g.
1020 4219 1340 4278 'Reinesiu‘sz
1382 4227 1443 4288 ‘q.

370 4290 635 4343 'Cornelia
659 4310 717 4355 p.
744 4308 801 4356 g.
883 4288 1163 4343 Heinsius:
1204 4309 1257 4358 q.
1278 4290 1448 4344 Aelia

364 4374 425 4426 p.
448 4377 504 4428 g.
577 4357 847 4418 Billerus:
885 4377 939 4428 q.
967 4359 1069 4413 dia
1087 4377 1145 4427 p.
1173 4378 1231 4426 g.
1247 4397 1264 4423 ,
1297 4358 1446 4428 quod

748 3074 777 3107 e
828 3056 1118 3110 Aemiliam
1167 3056 1444 3127 Lepidam,
1482 3078 1486 3083 ·

1523 2367 1717 2421 imitati
1743 2376 1871 2421 sunt
1895 2365 2140 2420 Ricklefs
2164 2378 2216 2421 et
2234 2367 2604 2425 Woltmann.

1521 2436 1926 2505 Herrmannus'ss'
1943 2436 2132 2489 maluit
2170 2437 2324 2490 Iulia
2398 2450 2603 2492 arente

1530 2507 1711 2572 (einer
1725 2505 2011 2560 Iulisehen
2026 2505 2279 2575 Mulier).
2390 2511 2603 2579 'ongum
2619 2529 2628 2536 ·

1524 2576 1702 2634 foret,
1761 2575 1955 2628 barum
1994 2575 2445 2630 coniecturarum
2488 2595 2603 2633 sen·

1526 2663 1647 2700 sum
1672 2639 2051 2715 rationemque
2080 2643 2361 2714 explicare.
2436 2645 2602 2699 Wei-

1525 2714 1707 2768 kertus
1749 2712 1966 2766 locum:
2024 2712 2224 2780 quippe
2267 2751 2283 2765 .
2310 2751 2326 2766 .
2356 2751 2372 2766 .
2411 2716 2610 2781 geniti:

1527 2781 1820 2835 delendum
1863 2789 2067 2835 censet.
2263 2780 2386 2835 ibus
2431 2784 2602 2837 consi·

1526 2850 1615 2903 liis
1675 2849 2174 2920 supersedebimus,
2245 2868 2423 2921 quum
2484 2851 2603 2906 cod.
2651 2893 2656 2900 s

1526 2918 1655 2971 MS.
1700 2918 1925 2982 verbum
1960 2919 2111 2970 bono
2148 2938 2312 2972 sensu
2355 2937 2473 2972 non
2521 2939 2603 2974 ca·

1527 2997 1659 3042 reat.
1705 2988 1864 3038 “Alta
1898 2985 1988 3039 hic
2022 2995 2084 3037 ut
2118 2986 2426 3058 saepissime
2458 3007 2603 3057 prae·

1528 3054 1717 3126 guanti
1752 3054 1925 3107 utitur
1956 3053 2288 3135 significatu,
2330 3067 2392 3109 ut
2422 3057 2490 3109 sit
2514 3058 2604 3109 ἀί-
2655 3117 2656 3120 ¹

1526 3142 1720 3187 versa,
1755 3124 2041 3177 dissimiles
2064 3142 2142 3175 sc.
2170 3124 2228 3176 in
2254 3125 2460 3179 bonam
2488 3145 2601 3196 par·

1528 3193 1658 3245 tem.
1731 3190 1843 3243 Liv.
1876 3191 1962 3252 44,
1985 3190 2085 3254 18.
2126 3192 2293 3245 Altus
2331 3194 2422 3245 vit·
2460 3203 2598 3247 erat.

1527 3261 1702 3316 Tacit.
1732 3259 1867 3312 nist.
1896 3260 1947 3324 3,
1969 3259 2053 3312 55.
2093 3264 2149 3313 si
2178 3263 2322 3313 altas
2355 3259 2481 3324 dax
2499 3264 2601 3332 so-

1528 3333 1656 3383 'reu
1719 3328 1857 3381 lbid.
1894 3333 1943 3388 1,
1978 3328 2063 3381 89.
2111 3331 2165 3382 si
2203 3329 2439 3383 ducibus
2482 3335 2602 3385 alas

1526 3397 1799 3449 bellatum
1810 3396 1987 3464 soret.
2055 3397 2160 3451 An.
2188 3400 2235 3458 1,
2256 3396 2344 3450 43.
2368 3416 2599 3466 quorum

1528 3467 1651 3518 alia
1679 3482 1832 3517 ‘nunc
1870 3482 2024 3525 oras
2049 3467 2170 3525 alia
2198 3475 2436 3534 pectora
2468 3487 2600 3521 con-

1530 3544 1713 3588 tueor.
1787 3533 1982 3605 Igitur:
2005 3537 2209 3654 tquippe
2226 3537 2351 3585 ulia
2368 3548 2599 3601 parente

1523 3602 1723 3668 geniti,
1759 3603 2002 3673 accipien
2043 3622 2137 3655 um
2164 3605 2265 3656 erit
2285 3622 2387 3673 pro
2409 3606 2599 3678 quippe

1531 3674 1770 3723 meliore
1806 3674 1859 3736 (a
1890 3672 1954 3726 C.
1984 3671 2172 3723 Silano
2202 3672 2469 3741 dissimili)
2493 3693 2595 3740 pa-

1528 3750 1694 3792 rente
1731 3740 1937 3805 geniti,
1994 3740 2146 3792 cuius
2187 3740 2454 3794 memoria
2489 3761 2597 3796 non

1530 3808 1599 3860 sit
1624 3809 1810 3879 digua,
1851 3820 1910 3861 ut
1937 3808 2301 3880 ignominiose
2329 3818 2597 3868 tractetur.

1528 3877 1856 3929 Adulatione
1883 3877 2015 3930 haec
2042 3877 2398 3931 iactabantur.
2473 3881 2599 3933 Vide

1529 3943 1745 3997 initium
1783 3965 1903 4015 cap.
1932 3964 2041 4016 seq.
2113 3946 2298 3997 Meam
2338 3946 2597 4002 rationem

1528 4012 1737 4066 Hackio
1770 4025 2041 4085 acceptam
2074 4032 2188 4067 esse
2213 4013 2391 4067 video.
2460 4016 2604 4071 Non·

1529 4081 1669 4134 nulli
1695 4101 1723 4134 e
1741 4100 1873 4135 voce
1890 4084 2015 4135 alia
2032 4082 2175 4137 haud
2191 4083 2422 4138 absurde
2440 4086 2596 4155 suspi-

1531 4160 1728 4213 cantur
1761 4151 1902 4203 duas
1940 4150 2126 4204 Silano
2176 4149 2340 4205 fuisse
2394 4166 2597 4219 matres,

1531 4239 1708 4284 veram
1747 4229 1798 4272 et
1838 4239 2147 4274 novercam.
2221 4220 2479 4277 Ceterum
2522 4222 2596 4277 'so-

1532 4288 1623 4342 lita
1675 4287 1942 4342 eiusmodi
1993 4290 2271 4344 bonorum
2321 4294 2594 4364 separatio.

1503 4399 1520 4416 s
1531 4357 1613 4413 cf.
1631 4357 1764 4413 infr.
1791 4356 1876 4418 13,
1904 4358 1990 4413 43.
