2794 5085
381 356 531 431 276
1134 354 1137 357 ·
1180 354 1797 432 ANNALIUM
2231 354 2505 457 23337333

381 511 566 605 nihil
598 527 865 583 mutata
903 512 981 582 in
1016 515 1364 605 populum
1388 511 1802 588 Romanum
1843 514 2237 591 constantia
2276 517 2619 609 pertulis-

382 632 556 688 sent.
659 616 801 687 Sed
846 612 1521 707 Aphrodisiensium
1571 616 1815 685 civitas
1854 608 2192 702 VeneriS‚
2255 618 2618 689 Stratoni-

381 719 696 788 censium
725 716 914 786 Iovis
965 732 1032 786 et
1065 717 1352 786 Triviae
1395 718 1815 806 religionem
1862 720 2267 790 tuebantur.
2371 715 2616 791 Altius

378 820 1065 921 Hierocaesarienses
1110 840 1521 909 exposuere:
1568 816 1923 888 Persicam
1955 823 2145 913 apud
2179 846 2249 889 se
2279 818 2618 907 Dianam,
2694 857 2705 873 ·

380 923 762 991 delubrum
814 944 974 1010 rege
1014 918 1201 1015 Cyro
1247 921 1580 991 dicatum.
1702 934 1770 990 et
1811 924 2395 1014 memorabantur
2435 921 2615 992 Per-

376 1048 671 1116 pernae,
750 1020 1043 1091 Isaurici
1107 1023 1470 1114 multaque
1527 1022 1666 1090 alia
1721 1023 2229 1114 imperatorum
2290 1010 2634 1110 nomina,¹

379 1127 502 1219 qui
544 1149 693 1193 non
731 1126 945 1193 modo
1001 1125 1337 1215 templo‚‘
1381 1126 1505 1192 sed
1560 1125 1837 1193 duobus
1899 1126 2219 1194 millibus
2273 1149 2615 1216 passuum

377 1230 673 1296 eandem
701 1227 1139 1299 sanctitatem
1183 1226 1602 1297 tribuerant.
1704 1224 1895 1293 Exin
1924 1225 2172 1320 Cyprii
2211 1229 2443 1303 tribus
2484 1231 2613 1303 de·-

372 1330 633 1413 lubriS,
709 1353 1015 1420 quorum
1067 1328 1620 1396 vetustissimum
1678 1323 1989 1418 Paphiae
2038 1326 2308 1415 Veneri
2363 1345 2613 1399 auctor

372 1431 654 1501 Aerias:
717 1443 878 1520 post
918 1430 1104 1497 filius
1151 1429 1300 1497 eius
1346 1420 1697 1498 Amathus
1729 1424 1992 1497 Veneri
2023 1425 2498 1513 Amathusiae
2540 1445 2611 1501 et

373 1532 529 1602 Iovi
579 1530 969 1602 Salaminio
1020 1529 1298 1623 Teucer>
1356 1529 1769 1599 Telamonis
1827 1532 2048 1622 patris
2103 1533 2211 1601 ira
2262 1534 2609 1623 profugus

367 1624 787 1728 posuissent.
1094 1656 1097 1661 ’
2053 1690 2056 1701 ·
2207 1708 2211 1711 ,

567 1731 833 1807 LXIII.
936 1729 1243 1821 Auditae
1313 1730 1616 1802 aliarum
1699 1759 1982 1826 quoque
2052 1735 2422 1806 civitatum
2500 1728 2609 1804 le-
2663 1772 2668 1779 ⁴

364 1837 699 1928 gationeS.
843 1832 1172 1923 Quorum
1229 1835 1431 1925 copia
1488 1834 1650 1903 fessi
1701 1850 1934 1926 patres
1989 1852 2058 1906 et
2114 1837 2286 1931 quia
2347 1839 2606 1908 studiis

431 2052 539 2122 sed
589 2056 1133 2135 Aphrodisiensidm.
1242 2064 1436 2119 Acida·
1524 2065 1672 2118 nime
1712 2075 1790 2118 est
1831 2064 2107 2121 credibile.
2199 2064 2406 2118 Similis
2447 2066 2601 2121 locus

364 2139 496 2192 lius:
538 2139 937 2206 pertulisse-nu
962 2153 1150 2203 ¹seque:
1176 2174 1190 2187 .
1211 2174 1224 2187 .
1249 2173 1261 2186 .
1294 2138 1436 2186 reli-
1521 2135 1649 2189 infr.
1684 2154 1731 2187 c.
1755 2134 1843 2186 71.
1884 2153 2029 2201 quae
2055 2135 2308 2201 principe
2345 2138 2601 2202 Augusto

360 2211 523 2275 gione
587 2209 919 2270 tuebantur,
992 2204 1139 2274 quod
1191 2204 1437 2273 placebat
1523 2204 1826 2257 constituta
1852 2213 1954 2254 etc.

299 2283 315 2305 ’·
360 2275 612 2333 Heinsio,
679 2292 988 2343 quanquam
1039 2284 1117 2324 est
1164 2272 1431 2341 ineptum.
1589 2288 1710 2333 non
1753 2275 1920 2322 modo
1950 2303 2021 2315 --
2053 2275 2153 2323 sed
2189 2305 2288 2331 -.-·
2375 2271 2598 2327 Omisso

359 2346 514 2405 Nam,
549 2355 608 2395 ut
633 2353 837 2402 taceam
865 2342 928 2393 de
952 2341 1046 2393 illo
1070 2358 1255 2407 seque,
1285 2339 1435 2410 quod
1523 2341 1725 2401 etiam,
1762 2348 1820 2391 ut
1844 2358 1930 2392 sae
1971 2359 1998 2391 e
2024 2349 2076 2390 et
2105 2359 2153 2393 c.
2168 2340 2254 2392 65.
2323 2339 2598 2393 cf.Rarns·

358 2413 516 2485 plane
543 2413 718 2462 alieno
760 2411 881 2462 loco
924 2410 1161 2479 positum
1206 2419 1312 2470 est,
1356 2408 1433 2460 ci·
1518 2409 1679 2463 born.
1699 2407 1794 2460 Gr.
1821 2427 1873 2477 p.
1890 2360 2007 2461 556.
2029 2410 2105 2476 c).
2153 2418 2204 2460 et
2224 2419 2337 2463 not.
2356 2409 2424 2462 ad
2455 2410 2596 2472 1,77.

358 2483 549 2537 vitates
575 2480 695 2531 illae
724 2497 834 2530 non
866 2496 983 2530 sese
1000 2476 1270 2545 ‘religione
1308 2495 1433 2529 suo·
1588 2481 1723 2529 exin
1748 2477 1936 2544 Cyprii
1959 2478 2132 2527 tribus
2156 2478 2442 2538 delubris,
2466 2496 2594 2548 quo-

356 2571 478 2603 rum
521 2548 840 2605 numinum,
889 2546 981 2597 sed
1020 2540 1201 2615 potius
1242 2565 1432 2602 eorum
1519 2563 1647 2597 rum
1690 2557 1793 2598 ete.
1888 2545 2138 2615 Elliptice
2183 2547 2414 2602 dictum.
2508 2549 2594 2601 Ad

356 2618 680 2689 religionem
725 2616 859 2666 tueri
904 2615 1210 2666 voluerunt.
1301 2617 1433 2675 Sed,
1524 2616 1716 2681 Cyprii
1740 2612 1973 2682 intellige
2007 2617 2238 2667 verbum
2281 2618 2480 2669 adiere
2510 2617 2604 2674 vel·

355 2686 503 2758 quod
535 2683 778 2736 Acidalio
810 2693 859 2734 et
889 2683 1109 2734 Mureto
1139 2684 1430 2734 molestum
1518 2682 1693 2735 simile
1735 2682 1882 2751 quid.
1952 2681 2151 2752 Trious
2186 2681 2436 2738 delubris
2463 2686 2516 2739 h.
2542 2705 2591 2738 e.

355 2766 500 2819 erat,
532 2755 653 2806 satis
679 2754 947 2820 eleganter
975 2752 1053 2803 sic
1082 2752 1337 2820 ponitur,
1370 2761 1431 2806 ut
1516 2754 1685 2822 τριῶν
1713 2753 1961 2822 τεμενῶν
1987 2746 2185 2821 ὄντων.

338 2820 744 2892 ἐπανόρθωσιν
787 2819 1015 2881 efficiat,
1080 2829 1135 2871 ut
1180 2829 1429 2876 nostrum
1561 2829 1781 2872 ‹auctor
1818 2820 2071 2890 Aeriam·
2109 2830 2241 2886 post
2270 2820 2439 2888 filius
2488 2832 2589 2888 ete.

255 2928 264 2934 -
347 2894 546 2957 jedoch
573 2889 657 2944 vel
681 2891 838 2947 aber,
868 2908 933 2940 ne
960 2886 1222 2958 intelligas
1248 2898 1429 2941 utros·
1516 2888 1880 2967 InterAqrias
1907 2898 2104 2953 etpost
2131 2909 2231 2959 pro
2251 2892 2307 2957 (‚)
2335 2890 2590 2959 posui'(:),

352 2982 456 3033 que
516 2960 701 3013 eadem
761 2960 924 3010 tuitos
982 2974 1115 3009 esse.
1222 2957 1430 3009 Eodem
1515 2977 1584 3009 ne
1637 2975 1966 3024 coniungas:
2038 2976 2276 3023 quorum
2331 2962 2586 3012 vetustis-

350 3032 516 3099 modo
544 3049 593 3080 c.
622 3027 708 3079 63.
761 3030 862 3078 sed
905 3029 1082 3077 cultus
1120 3027 1429 3078 numinum
1514 3026 1730 3077 simum
1756 3060 1771 3075 .
1790 3063 1832 3076 ..
1854 3026 2161 3094 po.essfilz‘us
2191 3064 2234 3078 ..
2253 3035 2353 3092 .Ᾰεί
2383 3027 2591 3080 Teucer

352 3112 455 3153 etc.
522 3098 594 3150 ef.
626 3096 949 3147 Ramshorn.
993 3094 1183 3146 Gram.
1227 3101 1277 3160 §.
1309 3095 1423 3146 181.
1514 3130 1596 3146 ..„
1619 3096 1951 3157 posuissent.
2025 3094 2111 3145 Ad
2149 3105 2345 3145 auctor
2382 3098 2590 3150 Aerios

350 3169 415 3220 Β.
450 3169 517 3219 ll.
546 3170 622 3232 1.‚
673 3184 726 3234 p.
757 3164 873 3215 538.
960 3161 1284 3233 Wopkens.
1325 3182 1421 3217 vo·
1510 3181 1539 3214 e
1578 3161 1927 3231 sequentibus
1966 3162 2326 3233 supplendum
2371 3176 2455 3217 est
2483 3184 2587 3232 po-

224 3233 241 3314 ‚¹
314 3235 525 3289 debat}
597 3233 862 3297 religione
933 3233 1291 3289 nitebantur,
1364 3241 1424 3282 ut
1506 3233 1720 3283 suisset.

350 3326 398 3360 c.
426 3304 512 3357 63.
554 3314 604 3355 et
643 3304 693 3364 4,
720 3303 802 3352 55.
888 3298 996 3351 Sed
1033 3300 1301 3368 aptissime
1339 3298 1421 3351 di-
1574 3300 1911 3362 posuissent,
1971 3295 2067 3352 Est
2091 3299 2355 3371 optativus
2383 3300 2587 3361 aoristi,

350 3382 549 3426 cuntur
587 3372 770 3434 tueri,
821 3370 912 3438 qui
950 3370 1281 3421 documenta
1321 3386 1422 3436 pro
1508 3365 1601 3487 gui
1632 3366 1877 3436 exprimit
1912 3388 2026 3419 rem
2058 3388 2085 3420 e
2110 3367 2424 3421 coniectura
2456 3389 2585 3451 pen-

348 3439 546 3496 tuenda
575 3440 755 3507 aliqua
786 3457 846 3489 re
874 3436 1145 3489 adferunt.
1388 3479 1393 3482 ,
1547 3453 1635 3485 ere
1687 3453 1863 3504 neque
1915 3436 1970 3488 in
2015 3447 2163 3492 certo
2200 3455 2311 3489 esse
2350 3450 2582 3507 positam

415 3526 544 3573 rege
619 3508 777 3574 Cyro.
838 3531 839 3534 ¹
895 3503 1322 3557 Freinshemius.
1369 3512 1444 3555 et¹
1509 3502 1775 3581 certisque
1850 3504 2188 3556 documeniis
2269 3505 2582 3561 confirmari

346 3575 589 3649 Ryckius
615 3575 819 3628 malunt
851 3574 976 3637 regi
1001 3572 1176 3640 Cyro,
1217 3584 1272 3624 ut
1296 3571 1361 3624 sit
1388 3590 1419 3622 a
1505 3590 1832 3639 nequivlsse.
1904 3571 1976 3624 cf.
2020 3572 2278 3625 Herodot.
2316 3575 2367 3635 2,
2396 3576 2480 3627 47.
2519 3572 2583 3626 τὰ
2639 3621 2642 3628 .

345 3665 473 3717 rege
518 3642 693 3714 Cyro,
755 3642 1014 3711 quoniam
1064 3642 1142 3692 sie
1190 3639 1418 3694 validius
1506 3638 1568 3691 δὲ
1603 3636 1743 3689 ἄλλα
1782 3642 1912 3708 κρέα
1951 3644 2225 3694 σιτέονται
2255 3641 2317 3694 ἐν
2345 3644 2414 3709 τῆ
2439 3661 2581 3696 παν-

345 3716 429 3767 ius
457 3715 589 3785 asyli
619 3713 938 3764 adstruatur.
1012 3708 1119 3761 Sed
1146 3709 1444 3779 ambigui·
1503 3704 1740 3776 σελήνῳ,
1794 3710 1856 3762 ἐν
1893 3711 1956 3782 τῇ
1985 3707 2056 3761 ἂν
2093 3708 2158 3762 τὰ
2198 3708 2291 3776 ἱρὰ
2332 3699 2579 3766 &Zamm-

344 3794 425 3836 tas
469 3783 769 3837 verborum
809 3775 1159 3840 intolerabilis
1197 3787 1292 3830 est.
1341 3777 1415 3829 cf.
1506 3778 1567 3830 ἐν
1612 3773 1747 3849 ἄλλῃ
1785 3777 1848 3830 δὲ
1884 3774 2058 3849 ἡμέρῃ
2100 3777 2201 3832 οὐκ
2235 3776 2308 3830 ἂν
2343 3780 2426 3833 ἔτι
2449 3800 2581 3852 γευ-

343 3862 462 3918 not·
503 3851 566 3901 ad
605 3851 657 3908 2,
694 3849 744 3901 7.
832 3845 1017 3914 Neque
1056 3856 1236 3897 tamen
1282 3857 1418 3913 puto
1506 3849 1720 3899 σαίατο.
1793 3845 2087 3920 Diversum
2118 3849 2280 3919 igitur
2308 3868 2474 3904 sensu
2505 3860 2579 3905 est

343 3939 442 3996 per
491 3914 780 3970 formulam
837 3930 969 3978 rege
1010 3914 1151 3980 Cyro
1206 3923 1418 3983 tenipus
1506 3933 1535 3966 a
1557 3915 1869 3980 posuerint.
2004 3976 2010 3980 ,

342 3999 552 4056 tantum
581 3983 852 4040 denotari,
882 3982 974 4033 sed
1006 3981 1241 4061 accipin,
1268 3979 1417 4050 Cyro
1576 3981 1709 4035 CAP.
1731 3982 1817 4034 63.
1879 4001 2140 4051 quorum.
2203 3983 2329 4036 Non
2361 3986 2427 4037 ad
2457 4006 2578 4056 pro·

345 4067 564 4110 auctore
604 4064 657 4108 et
690 4050 949 4110 ,sub'eius
986 4049 1233 4119 auspiciis
1273 4049 1420 4102 delu-
1504 4052 1644 4103 xime
1717 4054 2054 4105 raecedentia
2094 4062 2301 4105 tantum
2330 4060 2577 4124 pertinet,

340 4125 503 4176 brum
531 4140 643 4175 esse
672 4122 929 4173 dicatum.
1002 4116 1137 4168 Nam
1169 4136 1301 4195 quae
1325 4115 1420 4168 ali·
1504 4120 1598 4172 sed
1635 4071 1713 4172 ati)
1742 4120 2028 4189 Ephesios,
2076 4121 2388 4202 blagnetes,
2443 4134 2574 4178 cete·

342 4212 454 4264 quo
477 4211 602 4259 rege
627 4190 740 4241 fieri
769 4189 1039 4247 dicuntur,
1068 4185 1419 4253 intelligimus
1502 4206 1708 4257 rosque,
1753 4207 1963 4240 omnes.
2063 4189 2143 4241 Ne
2194 4191 2386 4259 igiturv
2446 4204 2573 4253 utes,

342 4261 438 4314 illo
482 4259 597 4311 fieri
637 4259 885 4313 iubente,
933 4254 1300 4323 permittente.
1364 4255 1418 4304 A
1505 4256 1895 4325 corrigendum
1924 4275 2037 4309 esse
2066 4255 2325 4324 quarum.
2450 4259 2572 4313 aulo

345 4329 492 4400 Cyro
533 4326 822 4378 delubrum
864 4323 996 4375 illud
1040 4321 1277 4378 dicatum
1318 4322 1416 4374 mi·
1502 4334 1627 4376 ante
1650 4322 1731 4376 ed.
1758 4324 2007 4378 Beroald.
2048 4325 2206 4379 habet
2246 4326 2569 4384 civitatium.

1609 4425 1644 4440 *x
