2794 5085
341 327 500 414 224
953 391 958 398 .
1063 287 1770 408 ..mmmmm
2207 309 2482 411 2:223&

341 486 682 560 Pisonem
709 482 955 556 fuisse
1016 479 1553 570 adiutoremque
1607 472 2069 545 Germanico-
2103 474 2356 544 datum
2410 498 2452 542 a
2500 495 2590 548 „se

347 601 636 663 a'nctore
701 599 951 655 senatu
1006 583 1221 652 rebus
1285 580 1479 672 apud
1532 572 1910 648 Orientem
1977 571 2594 649 administrandis.

345 694 500 764 illic
533 687 972 761 contumacia
1002 699 1072 754 et
1094 682 1600 754 certaminibus
1639 693 2024 771 asperasset
2058 680 2396 748 invenem
2440 677 2597 746 exi-

325 809 570 889 ⁸tuque
609 792 762 862 eius
801 790 1095 858 laetatus
1135 799 1349 869 esset,
1407 808 1503 854 an
1548 783 1808 852 scelere
1847 781 2295 850 exstinxisset
2312 835 2337 866 ‚
2403 780 2600 848 inte-

349 899 497 990 gris
522 893 780 965 animis
821 890 1385 982 diiudicandum.
1484 940 1526 971 ‚,
1539 883 1726 954 Nam
1766 884 1830 952 si
1872 885 2142 973 legatus
2187 882 2412 952 officii
2448 896 2600 950 ter-

273 1074 280 1084 ,
350 999 680 1087 „minos,
729 993 1153 1087 obsequium
1179 1013 1342 1080 erga
1371 988 1872 1080 imperatorem
1904 987 2097 1055 exuit
2134 986 2605 1078 eiusdemque

351 1114 642 1191 „morte
678 1113 750 1169 et
782 1098 980 1166 luctu
1018 1118 1178 1163 meo
1228 1094 1526 1162 laetatus
1568 1099 1725 1174 est‚·
1769 1089 1988 1158 odero
2032 1110 2520 1180 seponamque
2562 1110 2605 1154 a

354 1208 622 1295 „domo
654 1225 820 1308 ¹mea
867 1213 935 1269 et
975 1197 1285 1288 privatas
1326 1192 1736 1262 inimicitias
1756 1214 1924 1259 non
1964 1191 2042 1259 vi
2078 1189 2434 1281 principis
2478 1188 2605 1257 ul-

356 1308 661 1394 „ciscarz
715 1303 828 1370 sin
853 1302 1126 1369 facinus
1158 1298 1238 1367 in
1266 1296 1749 1387 cuiuscunque
1777 1285 2193 1362 mortalium
2223 1315 2400 1360 nece
2431 1290 2608 1359 vin-

357 1407 797 1497 „dicandum
840 1402 1224 1504 detegitur,
1271 1422 1401 1467 vos
1441 1421 1612 1465 vero
1654 1409 1724 1465 et
1763 1396 2028 1463 liberos
2064 1392 2493 1464 Germanici
2537 1405 2610 1479 et

360 1536 545 1599 „nos
574 1521 895 1600 parentes
929 1503 1131 1572 iustis
1160 1500 1430 1570 solatiis
1472 1498 1765 1570 adficite.
1868 1497 2222 1589 simulque
2256 1496 2447 1564 illud
2489 1518 2606 1565 re-

362 1626 695 1708 „putate,
761 1606 1047 1677 turbide
1088 1618 1157 1673 et
1203 1602 1532 1672 seditiose
1574 1599 1978 1671 tractaverit
2015 1598 2363 1682 exercitus
2411 1595 2602 1681 Piso,

361 1713 734 1810 „quaesita
788 1711 933 1778 sint
987 1732 1116 1798 per
1162 1704 1628 1775 ambitionem
1676 1702 1908 1772 studia
1956 1700 2313 1785 militum,
2376 1698 2606 1767 'armis

360 1816 711 1910 §repetita
748 1809 1153 1906 provincia,
1203 1831 1295 1875 an
1333 1806 1510 1875 falsa
1551 1799 1726 1872 haec
1766 1804 1846 1871 in
1889 1803 2116 1874 maius
2151 1801 2609 1891 vulgaverint

363 1907 887 2009 „accusatoresz
944 1934 1254 2004 quorum
1283 1932 1408 1998 ego
1448 1905 1693 1975 nimiis
1736 1905 1989 1975 studiis
2018 1906 2172 1972 iure
2201 1927 2605 1974 succenseo.

319 2021 593 2112 ‘‚,nam
657 2044 798 2113 quo
856 2013 1202 2107 pertinuit
1258 2011 1531 2080 nudare
1584 2032 1842 2099 corpus
1893 2020 1963 2075 et
2018 2006 2609 2076 contrectandum

287 2143 288 2150 ’
367 2123 623 2214 „vulgi
657 2119 882 2191 oculis
921 2115 1327 2208 permittere
1365 2111 1779 2204 differrique
1824 2110 2037 2178 etiam
2080 2133 2212 2199 per
2255 2121 2612 2194 externos,

366 2237 774 2320 „tanquam
790 2244 1066 2290 veneno
1098 2218 1526 2305 interceptus
1556 2214 1769 2295 e'sset,
1817 2212 1881 2279 si
1907 2211 2174 2279 incerta
2206 2205 2447 2280 adhuc
2476 2209 2613 2279 ista

368 2346 497 2419 „et
523 2327 896 2399 scrutanda
925 2320 1138 2391 sunt?
1181 2337 1190 2358 “·
1235 2316 1483 2390 Defleo
1528 2316 1855 2407 equidem
1890 2314 2117 2381 filium
2142 2337 2390 2381 meum
2424 2336 2615 2380 sem-

370 2437 692 2525 „perque
722 2426 1026 2496 deflebo:
1079 2422 1201 2489 sed
1231 2442 1463 2512 neque
1503 2442 1710 2486 reum
1747 2409 2131 2507 prohibeo,
2181 2440 2325 2507 quo
2365 2415 2613 2484 minus

369 2547 683 2624 „cuncta
720 2529 1066 2620 proferat,
1129 2521 1388 2616 quibus
1435 2518 1844 2588 innocentia
1881 2517 2032 2587 eius
2064 2517 2431 2586 sublevari
2470 2530 2616 2601 aut,

371 2638 496 2727 „si
522 2659 663 2729 qua
686 2631 826 2701 fuit
856 2626 1195 2720 iniquitas
1232 2621 1676 2706 Germanici,
1727 2620 2011 2710 coargui
2039 2619 2288 2711 possit:
2339 2643 2616 2713 vosque

370 2764 555 2828 „oro
575 2791 597 2823 ,
631 2736 779 2818 ne,
829 2731 995 2824 quia
1039 2726 1271 2820 dolori
1310 2730 1470 2794 meo
1517 2747 1722 2821 causa
1767 2747 2085 2792 connexa
2127 2735 2268 2805 est,
2335 2722 2617 2790 obiecta

295 2828 298 2835 f
372 2838 732 2931 „crimina
757 2859 887 2927 pro
919 2827 1323 2923 adprobatis
1353 2826 1731 2918 accipiatis,
1836 2823 1918 2895 Si
1948 2824 2617 2918 quos-propinquus

374 2941 716 3034 „sanguis
743 2950 867 3039 aut
897 2935 1069 3005 fides
1099 2956 1222 3001 sua
1256 2943 1596 3022 patronos
1639 2926 1870 3010 dedit,
1921 2939 2269 3020 quantum
2308 2925 2621 3019 quisque

373 3040 833 3139 „eloquentia
870 3052 937 3107 et
961 3059 1128 3105 cura
1156 3033 1382 3117 valet,
1433 3031 1667 3101 iuvate
1692 3029 2232 3121 periclitantem
2300 3029 2395 3097 ad
2434 3051 2619 3096 eun-

374 3151 598 3239 „dem
624 3138 979 3225 laborem,
1031 3137 1330 3206 eandem
1359 3131 1828 3205 constantiam
1861 3143 2296 3199 accusatores
2335 3123 2615 3215 hortor.

447 3439 796 3495 adiutorem.
867 3428 1212 3483 Vocabulum
1249 3424 1318 3477 de
1360 3423 1454 3477 tali
1537 3432 1661 3475 aute
1693 3422 1954 3487 privatas
2000 3418 2352 3490 copulam·et
2389 3426 2617 3471 mutan»

380 3510 565 3567 officio
601 3504 875 3557 usitatum.
947 3497 1032 3551 cs„
1058 3497 1248 3550 lustin.
1290 3493 1371 3558 13,
1399 3493 1451 3546 6.
1538 3491 1662 3542 dam
1691 3509 1804 3542 esse
1842 3489 1897 3540 iu
1934 3492 2062 3550 sed,
2107 3486 2256 3551 nihili
2288 3496 2388 3542 est.
2474 3484 2615 3539 Nam

378 3581 496 3635 Liv.
527 3577 579 3636 6,
603 3574 691 3627 22.
759 3570 907 3622 Suet.
937 3566 1058 3619 Tib.
1093 3585 1142 3620 c.
1166 3563 1253 3618 63.
1539 3570 1595 3611 et
1634 3558 1976 3628 νἐξδέγηϊυῑῶς·
2036 3557 2108 3609 ita
2178 3555 2426 3627 ponitur.
2540 3553 2614 3607 cf.

1538 3628 1863 3681 Ramshorn.
1923 3624 2020 3679 Gr.
2084 3629 2139 3693 §.
2180 3625 2294 3678 179.
2343 3624 2407 3677 Β.
2456 3644 2505 3678 a.
2558 3623 2613 3678 3.

448 3732 567 3772 non
587 3712 647 3765 υί
660 3702 947 3777 ρΐὺηἰρῖε.
1017 3701 1152 3756 Cod.
1180 3699 1302 3753 MS.
1331 3697 1454 3751 edd.
1540 3718 1597 3771 p.
1635 3695 1756 3749 519.

380 3782 631 3875 Beroald·
672 3777 915 3857 Rhe‘fan:
955 3771 1081 3825 AM·
1122 3772 1259 3852 (²⁰35
1292 3769 1456 3847 prin?
1613 3797 2076 3850 contrectandum
2102 3793 2258 3858 vulgi
2269 3792 2461 3846 oculati.
2500 3784 2618 3849 Cic.

384 3874 546 3928 ‘Wffi’
585 3848 730 3904 unde
758 3845 967 3926 L!P³¹⁰⁵
1006 3850 1299 3903 re⁹t¹⁸⁵¹¹¹¹e
1327 3836 1460 3888 seen
1544 3867 1705 3919 Tusc.
1755 3865 1813 3927 3,
1866 3864 1949 3916 15.
2008 3872 2195 3914 mente
2255 3866 2616 3914 contreetare'.

383 3945 501 4011 'ion
548 3922 607 3976 vi
635 3938 695 3987 ρ’
748 3916 856 3983 (⁸¹⁶
889 3910 1009 3992 fdd‘
1051 3906 1241 3961 Oberl'
1287 3906 1458 3987 sqq‘)’
1543 3936 1678 3990 Tae.
1708 3935 1816 3987 An.
1849 3939 1895 3996 1,
1919 3932 2004 3985 62.
2029 3939 2332 3983 attrectare
2339 3929 2580 3998 feralia,

390 3994 549 4055 snmul
599 3996 788 4043 auctor
835 3981 1062 4035 altarum
1120 3975 1455 4030 emendatuo-
2298 4008 2303 4015 ἢ

387 4082 525 4121 1111111
570 4059 832 4113 duarumz
891 4066 1011 4100 non
1050 4047 1317 4114 principis
1361 4043 1462 4109 (sic
1612 4035 1952 4103 differrique.
2023 4031 2289 4086 Sicbeue
2325 4029 2448 4084 edd.
2474 4029 2619 4101 Lips-

389 4134 512 4190 edd.
537 4129 679 4200 Lips.
700 4124 859 4178 Grut.
886 4117 1036 4171 Pich.
1057 4118 1226 4186 sqq.),
1269 4121 1320 4165 et
1344 4128 1460 4162 non
1546 4125 1662 4176 sqq.
1707 4104 1973 4172 diser-ique
2008 4100 2129 4154 edd.
2170 4098 2420 4153 Beroald.
2444 4099 2619 4167 Rhen.

392 4213 455 4259 ut
486 4217 608 4270 pn,
663 4212 799 4267 quae
851 4206 1043 4241 omues
1093 4202 1220 4236 suos
1264 4180 1463 4235 habent
1547 4173 1760 4246 Micyll.
1813 4171 2127 4240 deser-rique
2166 4170 2252 4222 ed.
2297 4167 2424 4221 Ald.
2508 4167 2617 4222 Ea-

325 4296 330 4301 ·
390 4275 645 4330 fautores.
741 4257 1019 4313 Ernestius
1072 4263 1252 4307 autem
1310 4247 1465 4319 quod
1549 4245 1672 4297 dem
1714 4260 1839 4297 mox
1874 4238 2062 4295 vitiose
2103 4238 2483 4309 eloquentiam
2521 4255 2620 4310 pro

393 4347 543 4416 putat
560 4377 575 4401 ,
611 4342 827 4405 recepta
853 4321 1228 4382 emendatione
1250 4337 1365 4374 non
1389 4318 1465 4380 vi,
1524 4326 1528 4333 ·
1549 4309 1888 4383 eloquentia.
