2794 5085
418 354 517 429 14

1128 394 1143 417 ,
1233 280 1850 415 Ammon-

2280 335 2341 379 A.
2362 333 2429 379 U.
2446 333 2546 376 7⁶7.

2279 386 2343 430 A.
2365 386 2427 430 C.
2475 386 2551 428 1⁴.

404 490 784 604 principis,
832 522 983 570 neu
1010 499 1359 597 tristiores
1396 498 1829 590 primordio,
1881 497 2244 583 lacrimas,
2281 497 2666 588 gandium,

406 622 733 706 questus,
777 603 1265 695 adulationem
1289 603 1710 673 miscebant.-
1806 599 1962 677 Sex.
1991 597 2376 693 Pompeius
2408 613 2479 668 et
2496 598 2668 670 Sex.

312 792 315 797 Α
406 709 807 808 Appuleius
855 712 1028 778 coss.
1078 705 1301 798 prim-i
1358 704 1439 773 in
1484 704 1704 772 verba
1747 700 2032 792 Tiberii
2072 700 2392 772 Caesatis
2457 702 2665 770 iura-

477 907 767 963 tristiore-e.
871 902 1013 959 cod.
1066 902 1192 956 Ms.
1253 912 1307 970 et
1362 900 1496 955 edd.

406 975 658 1033 Beroald.
703 974 876 1028 Rhen.
925 971 1161 1042 aliaeque
1205 981 1336 1027 vett.
1381 966 1492 1020 tri-

407 1048 563 1103 stior.
636 1044 751 1097 sed·
780 1043 907 1114 quia
942 1058 1096 1094 num.
1133 1040 1269 1113 sing.
1299 1041 1357 1091 in
1381 1040 1491 1091 tri-

410 1117 550 1173 stim·
582 1114 799 1184 ineptus
823 1130 936 1165 esse
964 1110 1279 1172 videbatur,
1310 1108 1494 1162 Bero-

412 1184 519 1240 ald.
565 1183 672 1239 iam
724 1176 1105 1261 corrigendum
1149 1179 1491 1231 existimave-

411 1260 497 1308 rat
528 1251 832 1312 tristiorem,
880 1249 1049 1318 idque*
1071 1265 1323 1318 recepere
1347 1245 1493 1315 Lips-

414 1341 536 1404 ειη.
597 1320 827 1373 editores
885 1316 1127 1369 unanimi
1205 1334 1495 1378 consensu,

409 1396 515 1445 ιιήι
559 1388 706 1459 quod
737 1385 999 1440 Rhenano
1045 1395 1332 1455 praeeunte
1378 1384 1490 1438 Iac.

412 1457 729 1513 Gronovius
767 1453 1057 1526 su—m‘pserit
1099 1448 1491 1507 defendendam

409 1527 563 1584 Msti
597 1526 897 1580 lectionem.
916 1541 1037 1575 eam
1079 1541 1145 1575 ue
1185 1522 1496 1585 restituerit,

272 1582 285 1588 κ
373 1595 747 1668 ‘adprobante
775 1591 966 1645 Cortio
1017 1610 1045 1644 a
1114 1591 1330 1644 Sallust.
1368 1586 1490 1643 Cat.

413 1686 465 1720 c.
507 1668 620 1727 10„
670 1658 1083 1734 reprobantibus
1126 1656 1491 1729 Wopkensio

411 1745 466 1789 et
491 1730 742 1785 Wolfim
814 1728 1078 1782 fortassis
1114 1739 1296 1782 tamen
1326 1726 1494 1781 Taci-

408 1814 497 1858 tus
561 1800 734 1867 voluit
804 1797 1017 1859 dicere,
1093 1798 1299 1851 vultum
1370 1795 1500 1849 illos

410 1868 812 1940 composuisse,
851 1886 919 1918 ne
946 1865 1068 1918 laeti
1094 1885 1307 1919 excessu
1333 1865 1492 1935 prin-

411 1939 545 2011 cipis
595 1937 807 1992 vultum
854 1944 1063 1998 essent,
1116 1952 1493 2003 unumquem-

304 2022 315 2040 ·
410 2016 739 2080 que‘autem
785 2002 945 2057 simul
994 2022 1217 2075 operam
1265 2002 1491 2066 dedisse,

409 2096 481 2131 ne
526 2074 716 2129 ceteris
748 2072 984 2134 ,tristior
1036 2071 1367 2143 primordie,
1429 2076 1491 2123 ut

408 2155 620 2201 vertasz
680 2145 864 2195 damit
901 2142 980 2193 sie
1012 2143 1166 2194 nieht
1204 2142 1384 2192 heitar
1411 2140 1502 2191 bei

410 2219 544 2267 dem
579 2212 852 2278 Hingang
886 2213 987 2262 des
1024 2210 1303 2270 Fors-ten,
1356 2211 1492 2260 oder

410 2285 563 2337 einer
589 2284 783 2334 trt‘lber
796 2279 941 2331 heim
955 2279 1190 2331 Amritt.
1256 2277 1493 2331 Facilior

410 2351 554 2405 haud
586 2350 747 2402 dubie
780 2358 861 2401 est
890 2358 1104 2418 recepta
1132 2346 1238 2405 scri
1280 2357 1424 2399 tura.

481 2419 884 2471 adulationem.
974 2415 1111 2470 Cod.
1175 2415 1237 2467 M
1285 2450 1299 2466 .
1365 2411 1489 2466 edd.

411 2486 666 2542 Beroald.
683 2484 856 2537 Rben.
874 2481 996 2536 Ald.
1011 2485 1356 2535 adulatione.
1420 2481 1493 2533 At

414 2556 598 2613 videre
623 2555 721 2608 viri
750 2553 926 2616 docti,
964 2553 1351 2606 inconcinnam
1378 2568 1494 2612 esse

412 2626 555 2680 hanc
597 2623 909 2676 lectionem.
980 2621 1125 2675 Nam·
1155 2621 1276 2691 quia
1314 2619 1495 2673 lacri-

415 2694 529 2746 mis
573 2710 606 2744 o
687 2691 889 2750 onitur‘
911 2693 1208 2756 gaudium,
1271 2699 1495 2758 questus

416 2781 534 2816 non
626 2780 653 2812 e
694 2759 856 2812 ebant
900 2777 1014 2811 esse
1058 2759 1177 2811 sine
1220 2758 1491 2829 opposito,

413 2830 561 2883 Hinc
608 2829 859 2881 Muretus
915 2826 1246 2880 coniecerat:
1314 2826 1495 2877 lacri-

414 2915 544 2952 mas
602 2898 832 2964 gaudio,
894 2906 1114 2962 questus
1167 2897 1496 2948 adulatione

414 2969 743 3021 miscebant.
793 2962 1073 3017 Ernestius
1103 2965 1365 3018 malebam
1397 2966 1495 3015 la-

378 3038 603 3096 ‚cr-anis
650 3035 950 3100 gaudium,
1014 3042 1233 3102 questus·
1284 3036 1497 3086 adula-

378 3106 565 3165 ,tione
591 3123 667 3156 m.
740 3102 867 3156 Non
910 3103 1113 3173 patitur
1146 3102 1320 3157 Taciti
1360 3115 1496 3154 usus

413 3173 693 3243 loquendi.

1406 3236 1494 3291 vel

417 3312 589 3363 minis
612 3310 997 3371 adulationes,
1029 3309 1121 3361 sed
1139 3310 1326 3360 minos
1344 3311 1495 3361 adu-

415 3380 761 3448 lotiones-que
789 3378 996 3429 miscet.
1070 3377 1258 3445 Au.,3,
1277 3378 1364 3429 67.
1400 3378 1495 3427 in-

413 3447 629 3499 vidiam
664 3455 719 3498 et
744 3462 936 3512 preces
966 3448 1283 3499 miscuerat.
1355 3445 1494 3498 Hist-

314 3564 330 3569 -
414 3519 467 3579 2,
484 3517 571 3572 70.
595 3516 761 3583 falsa
775 3552 790 3574 ,
828 3530 967 3565 vera
993 3524 1094 3572 aut
1121 3517 1342 3567 maiora
1362 3530 1497 3565 vero

416 3586 743 3638 miscebant.
823 3581 967 3637 Plin.
1014 3582 1279 3654 Panegyr.
1327 3583 1407 3641 19,
1437 3580 1492 3634 3.

417 3657 817 3720 imperatorem
829 3653 1371 3721 commilitonemque
1385 3652 1496 3703 mi-

415 3738 658 3777 soueras.
758 3719 920 3773 Aliud
977 3729 1056 3773 est
1112 3720 1249 3774 Hist.
1295 3725 1356 3785 4,
1402 3720 1489 3773 49.

411 3791 619 3857 gaudio
665 3791 1100 3857 clamoribusque
1142 3791 1339 3843 cuncta
1379 3790 1496 3841 mi·-

413 3861 666 3912 soebant.
735 3856 872 3910 Hist.
904 3856 955 3919 3,
981 3856 1065 3910 72.
1112 3869 1311 3911 cuncta
1347 3876 1495 3911 san-

416 3930 606 3994 guine,
627 3927 792 3994 ferro
807 3963 823 3985 ,
843 3924 1209 3996 flammisque
1231 3928 1494 3979 miscent:

420 3996 510 4049 ubi
556 3996 786 4048 miseere
825 3994 1090 4075 significat
1129 3994 1493 4066 confundere,

764 4062 964 4115 Melius
1016 4063 1254 4134 Lipsius:
1319 4067 1494 4117 lacri-

620 4133 887 4197 gaudium
901 4171 916 4193 ,
977 4143 1224 4200 questuS.
1285 4137 1496 4186 adula-

352 4063 363 4073 '
420 4066 670 4118 turbare.

417 4149 575 4191 mas,

418 4202 598 4253 tiones
621 4218 698 4253 m.
753 4199 824 4253 cf.
855 4199 992 4253 Hist.
1030 4199 1080 4259 8,
1110 4200 1197 4252 74.
1272 4202 1495 4273 Optime

415 4269 700 4322 Heinsiusz
735 4270 1140 4322 adulationem.
1209 4267 1348 4322 Nam
1387 4272 1495 4341 pri-

415 4356 570 4392 mum
602 4337 773 4391 littera
809 4344 870 4389 m
908 4336 1167 4393 facillime
1196 4339 1372 4409 potuit
1405 4342 1493 4394 ab.-

1555 2625 1560 2626 ⁷
1576 2614 1686 2671 Sed
1717 2619 2131 2675 cf.=Ra1nshorn.
2158 2620 2256 2672 Gr.

780 3171 920 3224 Nam
962 3170 1098 3225 Hist.
1139 3172 1190 3238 3,
1229 3168 1317 3224 74.
1379 3173 1505 3223 non'

318 3297 327 3313 ,
412 3243 628 3296 scribit:
688 3242 883 3292 minas
931 3242 1350 3292 adulationibus

1549 3889 1555 3902 .
1581 3855 1702 3908 124.
1751 3854 1867 3907 145.

1573 900 1780 967 sorberi
1821 920 1851 953 a
1898 900 2063 955 verbo
2096 901 2661 971 .sequenti=innume-

1574 988 1742 1039 raque
1779 980 1903 1022 sunt
1945 970 2181 1040 exempla
2224 970 2466 1022 eiusdem
2508 966 2665 1029 vitii;

1574 1037 1769 1091 deinde
1798 1040 2184 1091 adulationem
2221 1038 2286 1090 inr
2324 1056 2482 1091 num.
2523 1037 2663 1106 sing.

1575 1106 1749 1177 aptius
1817 1107 2107 1177 respondet
2174 1107 2444 1160 vocabulo
2513 1120 2661 1173 gau-

1575 1178 1766 1236 dium3
1815 1174 1936 1227 deni
1980 1194 2044 1229 ue
2085 1174 2175 1229 hic
2206 1195 2385 1227 sermo
2432 1174 2666 1228 debebat

1579 1264 1692 1297 esse
1737 1244 1803 1296 de
1844 1194 2175 1296 adulatione
2225 1245 2282 1297 in
2331 1243 2665 1304 universum,

1579 1330 1696 1364 non
1739 1313 1805 1364 de
1847 1314 2260 1366 adulationibus
2291 1313 2356 1366 he
2380 1334 2428 1365 e.
2466 1313 2665 1366 adu-la-

1578 1380 1741 1434 tionis
1786 1381 2050 1433 formulis.
2136 1382 2250 1437 Iam
2290 1391 2515 1451 questus
2562 1398 2665 1431 ac-

1578 1449 1698 1519 cipe
1732 1468 1854 1508 eos,
1893 1450 2013 1520 quis
2037 1462 2286 1521 ereptum
2314 1450 2518 1505 civitati
2540 1442 2668 1502 Auss

1579 1528 1794 1587 gustum
1859 1518 2312 1583 lamentat-cutum
2384 1519 2665 1572 adu-latio·-

1576 1606 1701 1638 nem
1758 1607 1922 1651 vero,
1986 1606 2092 1668 qua
2143 1589 2458 1641 extollerent
2509 1607 2661 1660 spem

1578 1655 1809 1708 civitatis
1851 1656 1909 1708 in
1951 1656 2173 1710 Tiberio
2217 1658 2471 1727 positam.
2569 1655 2665 1709 Sic

1579 1725 1767 1778 omnia
1819 1726 1963 1781 'bene
2015 1724 2304 1779 cohaerent
2361 1736 2526 1794 atque
2571 1726 2664 1780 in·-

1578 1793 1756 1847 vicem
1805 1794 1904 1845 sibi
1959 1814 2043 1847 res
2084 1793 2306 1847 ondent.
2405 1794 2662 1848 Consen-

1576 1861 1719 1913 tiunt
1776 1881 1994 1915 mecum
2072 1882 2100 1915 e
2144 1861 2351 1915 Heinsii
2397 1864 2664 1916 emenda-

1577 1929 1725 1982 tione
1771 1931 2076 2002 recipienda
2107 1924 2367 1986 Wolfius
2403 1944 2455 1986 et
2488 1933 2663 1986 Herr-

1575 2018 1824 2051 mannusx
1859 2000 1917 2052 in
1980 2000 2124 2052 notis
2171 2000 2238 2053 ad
2293 2000 2347 2054 h.
2412 2000 2443 2059 l.
2513 2001 2661 2055 Bek-

1577 2066 1752 2119 kerus'
1805 2068 1992 2122 maluit
2051 2068 2219 2143 Lipsii
2276 2072 2663 2134 adulatione-§5

1581 2136 1967 2190 Liiuemannus
2006 2139 2270 2210 vulgatam
2314 2141 2664 2203 adulatione,

1579 2223 1716 2275 quae
1762 2216 1944 2258 tamen
1985 2226 2176 2260 manca
2218 2217 2297 2259 est
2337 2225 2660 2281 semperque

1578 2273 1708 2332 erit,
1745 2293 2131 2346 quamcunque
2158 2276 2660 2347 intepretationem

1573 2341 1741 2395 ineas.
1835 2342 1976 2398 Nam
2022 2346 2295 2397 lacrimae
2338 2345 2415 2398 uti
2464 2345 2662 2400 habent

1573 2413 1848 2476 gaudium
1865 2451 1883 2480 ,
1929 2405 2000 2466 ita
2033 2423 2256 2482 questus
2281 2426 2521 2482 poscunt
2549 2436 2658 2471 vo-

1577 2481 1832 2533 cabulum
1855 2521 1869 2545 ,
1906 2482 1994 2535 cui
2027 2492 2392 2567 opponantur.

1648 2553 1968 2617 Appuleius·
2043 2552 2178 2608 hdd.
2206 2561 2342 2622 ‘vett.
2366 2553 2654 2674 Apuleiug.

1647 2689 1708 2739 in
1749 2690 1922 2740 verba
1959 2690 2166 2742 Tiberii
2202 2689 2458 2743 Caesaris
2494 2642 2657 2744 iura-

1579 2771 1732 2811 vere.
1818 2758 1895 2809 In
1945 2758 2177 2810 alicuius
2238 2760 2413 2813 verba
2462 2762 2657 2813 iurare

1578 2843 1687 2880 vox
1710 2835 1789 2878 est
1820 2845 1996 2898 neque
2026 2826 2241 2897 propria
2276 2827 2655 2896 gladiatorum,

1580 2894 1661 2946 uti
1706 2893 1984 2958 Muretus,
2036 2914 2213 2966 neque
2268 2895 2535 2960 militum,
2596 2907 2656 2950 ut

1581 2973 1767 3016 censet
1791 2963 1834 3015 1.
1862 2963 1954 3017 Fr.
1990 2962 2329 3027 Gronovius3
2365 2963 2532 3017 immo
2568 2985 2654 3019 so·

1581 3029 1773 3083 lemnis
1832 3042 1912 3086 est
1968 3033 2033 3086 de
2084 3032 2279 3101 quovis
2335 3033 2655 3098 iuramento,

1581 3100 1729 3168 quod
1774 3099 1834 3154 fit
1880 3101 1934 3154 in
1981 3101 2282 3173 praeeuntis
2319 3103 2517 3163 verba,
2567 3103 2655 3160 vel

1580 3187 1691 3289 310
1737 3169 1858 3240 quis
1908 3169 2260 3238 obstringitur
2316 3170 2493 3223 alicui.
2579 3171 2652 3227 cf.

1641 3235 1746 3290 vid.
1777 3238 1894 3292 Art.
1920 3258 2024 3291 am.
2064 3241 2112 3301 l,
2141 3235 2262 3291 687.
2317 3237 2466 3290 Flor.
2495 3239 2545 3301 3,
2569 3240 2651 3293 16.

1578 3306 2037 3375 Frequentissima
2064 3326 2188 3361 sane
2221 3316 2299 3359 est
2326 3307 2560 3361 formula
2588 3309 2653 3362 de

1579 3373 1838 3427 militibus
1883 3376 2008 3429 duci
2048 3375 2348 3429 iurantibus
2378 3395 2434 3427 se
2466 3377 2524 3428 in
2551 3377 2656 3430 fide

1581 3461 1886 3502 mansuros.
1963 3444 2034 3497 cf.
2075 3443 2192 3499 Liv.
2230 3445 2313 3506 22,
2342 3435 2430 3497 38.
2486 3445 2536 3504 2,
2564 3445 2650 3499 45.

1581 3522 1634 3564 et
1661 3511 1804 3565 alibi.
1879 3512 2014 3565 vell.
2046 3513 2099 3575 2,
2126 3513 2215 3566 20.
2306 3513 2450 3566 Hinc
2492 3516 2654 3567 etiam

1579 3579 1723 3635 valet
1752 3580 1818 3632 de
1847 3581 1963 3633 iure
1994 3581 2252 3645 iurandO,
2289 3601 2399 3653 quo
2432 3582 2558 3635 inde
2588 3585 2653 3637 ab

1581 3648 1706 3701 Iulii
1756 3648 1994 3703 Caesaris
2038 3650 2265 3720 imperio
2315 3652 2502 3704 cuncti
2555 3669 2655 3721 pro
2709 3711 2716 3718 .

1578 3717 1747 3771 salute
1786 3718 1948 3786 unius
1993 3738 2050 3771 se
2095 3719 2509 3788 obstringerent.
2586 3717 2654 3773 cf.

1580 3785 1731 3840 Suet.
1764 3786 1865 3838 Iul.
1900 3805 1949 3840 c.
1980 3786 2065 3839 84,
2143 3789 2229 3858 Ap
2272 3788 2375 3840 ian.
2403 3787 2468 3841 B.
2509 3786 2574 3842 C.
2607 3789 2656 3851 2,

1940 3856 2051 3909 Dio
2084 3855 2166 3920 53,
2198 3807 2287 3909 23.
2369 3857 2485 3910 Iam
2526 3876 2658 3913 vero

1578 3923 1829 3976 Tiberius
1898 3924 2139 3977 uomodo
2166 3925 2340 3996 potuit
2367 3926 2449 3978 ius
2478 3926 2656 3980 iuran-

1581 3993 1726 4045 dum=
1760 3944 1892 4044 illud
1938 3993 2220 4046 admittere
2252 4004 2305 4045 et
2336 4003 2518 4047 tamen
2549 4013 2657 4049 am·

1580 4061 1775 4133 biguus
1831 4061 1994 4114 videri
2046 4049 2384 4132 imffierandi?
2473 4063 2661 4117 Potuit

1581 4149 1677 4200 per
1736 4138 2054 4200 potestatem
2108 4130 2489 4194 tribuniciam,
2557 4150 2660 4202 qua

1583 4208 1694 4251 erat
1736 4198 2022 4267 praeditus.
2118 4198 2259 4250 Nam
2308 4200 2511 4253 tribuni
2554 4202 2659 4271 ple-

1583 4269 1663 4320 bis
1708 4267 2001 4347 antiquitus
2033 4276 2183 4320 erant
2214 4270 2545 4322 sacrosancti
2579 4288 2660 4320 ve·

1580 4348 1696 4392 tere
1741 4335 2115 4391 iureiurando
2149 4334 2341 4407 plebis.
2413 4336 2489 4392 cf.
2539 4338 2658 4393 Liv.
2737 4341 2744 4348 '
