<?xml version="1.0" encoding="UTF-8"?>
<!DOCTYPE html PUBLIC "-//W3C//DTD XHTML 1.0 Transitional//EN"
    "http://www.w3.org/TR/xhtml1/DTD/xhtml1-transitional.dtd">
<html xmlns="http://www.w3.org/1999/xhtml" xml:lang="en" lang="en">
 <head>
  <title>
</title>
<meta http-equiv="Content-Type" content="text/html;charset=utf-8" />
  <meta name='ocr-system' content='tesseract 3.04.00' />
  <meta name='ocr-capabilities' content='ocr_page ocr_carea ocr_par ocr_line ocrx_word'/>
</head>
<body>
  <div class='ocr_page' id='page_1' title='image "./operavolume00waltgoog/operavolume00waltgoog_0322.png"; bbox 0 0 2794 5085; ppageno 0'>
   <div class='ocr_carea' id='block_1_1' title="bbox 2142 282 2584 399">
    <p class='ocr_par' dir='ltr' id='par_1_1' title="bbox 2142 282 2584 399">
     <span class='ocr_line' id='line_1_1' title="bbox 2206 282 2584 335; baseline 0.013 -5"><span class='ocrx_word' id='word_1_1' title='bbox 2206 282 2358 333; x_wconf 57' lang='lat' dir='ltr'><strong>aar.</strong></span> <span class='ocrx_word' id='word_1_2' title='bbox 2377 286 2478 335; x_wconf 63' lang='lat'><strong>174.</strong></span> <span class='ocrx_word' id='word_1_3' title='bbox 2573 316 2584 321; x_wconf 70' lang='lat'><strong>,</strong></span> 
     </span>
     <span class='ocr_line' id='line_1_2' title="bbox 2142 339 2479 399; baseline 0.003 -14"><span class='ocrx_word' id='word_1_4' title='bbox 2142 382 2148 399; x_wconf 34' lang='grc' dir='ltr'><em>Ι</em></span> <span class='ocrx_word' id='word_1_5' title='bbox 2208 339 2356 385; x_wconf 53' lang='lat' dir='ltr'><strong>inc,</strong></span> <span class='ocrx_word' id='word_1_6' title='bbox 2404 344 2479 386; x_wconf 60' lang='grc' dir='ltr'><strong>ει.</strong></span> 
     </span>
    </p>
   </div>
   <div class='ocr_carea' id='block_1_2' title="bbox 214 220 1917 393">
    <p class='ocr_par' dir='ltr' id='par_1_2' title="bbox 214 220 1917 393">
     <span class='ocr_line' id='line_1_3' title="bbox 214 220 1917 393; baseline 0.003 -31"><span class='ocrx_word' id='word_1_7' title='bbox 214 246 221 255; x_wconf 75' lang='grc'><strong>’</strong></span> <span class='ocrx_word' id='word_1_8' title='bbox 324 274 493 362; x_wconf 69' lang='lat'><strong>262</strong></span> <span class='ocrx_word' id='word_1_9' title='bbox 1104 220 1804 367; x_wconf 56' lang='lat' dir='ltr'><strong>AnNALlUM.</strong></span> <span class='ocrx_word' id='word_1_10' title='bbox 1870 238 1917 393; x_wconf 80' lang='grc' dir='ltr'><strong> </strong></span> 
     </span>
    </p>
   </div>
   <div class='ocr_carea' id='block_1_3' title="bbox 240 440 2658 2266">
    <p class='ocr_par' dir='ltr' id='par_1_3' title="bbox 240 440 2658 2266">
     <span class='ocr_line' id='line_1_4' title="bbox 276 440 2569 537; baseline 0.003 -28"><span class='ocrx_word' id='word_1_11' title='bbox 276 530 277 535; x_wconf 9' lang='lat'>¹</span> <span class='ocrx_word' id='word_1_12' title='bbox 345 443 581 534; x_wconf 75' lang='lat' dir='ltr'><strong>tisqu‘e</strong></span> <span class='ocrx_word' id='word_1_13' title='bbox 623 440 1044 512; x_wconf 77' lang='lat' dir='ltr'>inlustribus</span> <span class='ocrx_word' id='word_1_14' title='bbox 1098 441 1387 511; x_wconf 81' lang='lat' dir='ltr'><strong>feminis</strong></span> <span class='ocrx_word' id='word_1_15' title='bbox 1442 446 1570 536; x_wconf 67' lang='lat' dir='ltr'><strong>per</strong></span> <span class='ocrx_word' id='word_1_16' title='bbox 1628 443 2240 537; x_wconf 73' lang='lat' dir='ltr'><strong>vaniloquentiam</strong></span> <span class='ocrx_word' id='word_1_17' title='bbox 2295 446 2569 537; x_wconf 81' lang='lat' dir='ltr'><strong>legerat.</strong></span> 
     </span>
     <span class='ocr_line' id='line_1_5' title="bbox 350 543 2573 628; baseline 0.001 -12"><span class='ocrx_word' id='word_1_18' title='bbox 350 543 450 616; x_wconf 87' lang='lat' dir='ltr'><strong>Ut</strong></span> <span class='ocrx_word' id='word_1_19' title='bbox 471 545 745 615; x_wconf 82' lang='lat' dir='ltr'><strong>delator</strong></span> <span class='ocrx_word' id='word_1_20' title='bbox 771 544 1032 614; x_wconf 82' lang='lat' dir='ltr'><strong>exstitit</strong></span> <span class='ocrx_word' id='word_1_21' title='bbox 1045 598 1066 628; x_wconf 93' lang='lat'><strong>,</strong></span> <span class='ocrx_word' id='word_1_22' title='bbox 1115 545 1362 612; x_wconf 83' lang='lat' dir='ltr'><strong>ceteris</strong></span> <span class='ocrx_word' id='word_1_23' title='bbox 1391 545 1481 613; x_wconf 91' lang='lat' dir='ltr'><strong>ad</strong></span> <span class='ocrx_word' id='word_1_24' title='bbox 1513 545 1898 614; x_wconf 87' lang='lat' dir='ltr'><strong>dicendum</strong></span> <span class='ocrx_word' id='word_1_25' title='bbox 1917 547 2410 618; x_wconf 79' lang='lat' dir='ltr'><strong>testimonium</strong></span> <span class='ocrx_word' id='word_1_26' title='bbox 2459 575 2573 621; x_wconf 83' lang='lat' dir='ltr'><strong>ex-</strong></span> 
     </span>
     <span class='ocr_line' id='line_1_6' title="bbox 258 641 2573 724; baseline 0.002 -10"><span class='ocrx_word' id='word_1_27' title='bbox 258 679 264 683; x_wconf 89' lang='lat'><em>·</em></span> <span class='ocrx_word' id='word_1_28' title='bbox 349 645 613 719; x_wconf 82' lang='lat' dir='ltr'><strong>territis</strong></span> <span class='ocrx_word' id='word_1_29' title='bbox 661 648 815 717; x_wconf 87' lang='lat' dir='ltr'><strong>sola</strong></span> <span class='ocrx_word' id='word_1_30' title='bbox 835 643 1125 715; x_wconf 87' lang='lat' dir='ltr'><strong>Vitellia</strong></span> <span class='ocrx_word' id='word_1_31' title='bbox 1170 641 1359 717; x_wconf 85' lang='lat' dir='ltr'><strong>nihil</strong></span> <span class='ocrx_word' id='word_1_32' title='bbox 1390 670 1462 714; x_wconf 87' lang='lat' dir='ltr'><strong>se</strong></span> <span class='ocrx_word' id='word_1_33' title='bbox 1496 647 1848 717; x_wconf 90' lang='lat' dir='ltr'><strong>audivisse</strong></span> <span class='ocrx_word' id='word_1_34' title='bbox 1892 650 2351 724; x_wconf 81' lang='lat' dir='ltr'><strong>adseveravit.</strong></span> <span class='ocrx_word' id='word_1_35' title='bbox 2456 653 2573 720; x_wconf 92' lang='lat' dir='ltr'><strong>sed</strong></span> 
     </span>
     <span class='ocr_line' id='line_1_7' title="bbox 347 747 2571 845; baseline 0.002 -28"><span class='ocrx_word' id='word_1_36' title='bbox 347 747 806 837; x_wconf 82' lang='lat' dir='ltr'><strong>arguentibus</strong></span> <span class='ocrx_word' id='word_1_37' title='bbox 845 748 935 816; x_wconf 92' lang='lat' dir='ltr'><strong>ad</strong></span> <span class='ocrx_word' id='word_1_38' title='bbox 985 747 1369 838; x_wconf 88' lang='lat' dir='ltr'><strong>perniciem</strong></span> <span class='ocrx_word' id='word_1_39' title='bbox 1407 748 1571 838; x_wconf 87' lang='lat' dir='ltr'><strong>plus</strong></span> <span class='ocrx_word' id='word_1_40' title='bbox 1591 749 1776 832; x_wconf 67' lang='lat' dir='ltr'><strong>,fidei</strong></span> <span class='ocrx_word' id='word_1_41' title='bbox 1815 749 1974 822; x_wconf 80' lang='lat' dir='ltr'><strong>fuit.</strong></span> <span class='ocrx_word' id='word_1_42' title='bbox 2017 790 2020 797; x_wconf 93' lang='lat'>·</span> <span class='ocrx_word' id='word_1_43' title='bbox 2089 750 2571 845; x_wconf 73' lang='lat' dir='ltr'><strong>sententiaque</strong></span> 
     </span>
     <span class='ocr_line' id='line_1_8' title="bbox 342 843 2572 940; baseline 0.001 -20"><span class='ocrx_word' id='word_1_44' title='bbox 342 846 623 920; x_wconf 89' lang='lat' dir='ltr'><strong>Haterii</strong></span> <span class='ocrx_word' id='word_1_45' title='bbox 656 843 1016 940; x_wconf 81' lang='lat' dir='ltr'><strong>Agrippae</strong></span> <span class='ocrx_word' id='word_1_46' title='bbox 1066 849 1378 918; x_wconf 85' lang='lat' dir='ltr'><strong>consulis</strong></span> <span class='ocrx_word' id='word_1_47' title='bbox 1431 850 1782 939; x_wconf 81' lang='lat' dir='ltr'><strong>designati</strong></span> <span class='ocrx_word' id='word_1_48' title='bbox 1830 851 2183 920; x_wconf 86' lang='lat' dir='ltr'><strong>indictum</strong></span> <span class='ocrx_word' id='word_1_49' title='bbox 2227 876 2350 922; x_wconf 90' lang='lat' dir='ltr'><strong>reo</strong></span> <span class='ocrx_word' id='word_1_50' title='bbox 2403 850 2572 925; x_wconf 81' lang='lat' dir='ltr'><strong>ulti-</strong></span> 
     </span>
     <span class='ocr_line' id='line_1_9' title="bbox 240 950 2452 1043; baseline 0.001 -23"><span class='ocrx_word' id='word_1_51' title='bbox 240 960 241 967; x_wconf 78' lang='grc'>’</span> <span class='ocrx_word' id='word_1_52' title='bbox 342 976 545 1022; x_wconf 88' lang='lat' dir='ltr'><strong>mum</strong></span> <span class='ocrx_word' id='word_1_53' title='bbox 578 950 1025 1043; x_wconf 82' lang='lat' dir='ltr'><strong>supplicium.-</strong></span> <span class='ocrx_word' id='word_1_54' title='bbox 1423 1022 1426 1023; x_wconf 10' lang='grc' dir='ltr'><em>γ</em></span> <span class='ocrx_word' id='word_1_55' title='bbox 1861 952 1868 959; x_wconf 82' lang='grc'>’</span> <span class='ocrx_word' id='word_1_56' title='bbox 1944 994 1952 1003; x_wconf 90' lang='lat'>.</span> <span class='ocrx_word' id='word_1_57' title='bbox 2111 950 2116 957; x_wconf 74' lang='grc'><strong><em>’</em></strong></span> <span class='ocrx_word' id='word_1_58' title='bbox 2375 960 2381 964; x_wconf 80' lang='grc'><strong>’</strong></span> <span class='ocrx_word' id='word_1_59' title='bbox 2437 986 2452 991; x_wconf 60' lang='grc'><strong>’</strong></span> 
     </span>
     <span class='ocr_line' id='line_1_10' title="bbox 506 1048 2572 1147; baseline 0.001 -23"><span class='ocrx_word' id='word_1_60' title='bbox 506 1051 629 1125; x_wconf 63' lang='grc' dir='ltr'><strong>’Ῑι.</strong></span> <span class='ocrx_word' id='word_1_61' title='bbox 707 1050 976 1122; x_wconf 85' lang='lat' dir='ltr'><strong>Contra</strong></span> <span class='ocrx_word' id='word_1_62' title='bbox 1018 1049 1125 1123; x_wconf 88' lang='lat' dir='ltr'><strong>M.</strong></span> <span class='ocrx_word' id='word_1_63' title='bbox 1166 1048 1484 1147; x_wconf 83' lang='lat' dir='ltr'><strong>Lepidus</strong></span> <span class='ocrx_word' id='word_1_64' title='bbox 1542 1051 1623 1121; x_wconf 91' lang='lat' dir='ltr'><strong>in</strong></span> <span class='ocrx_word' id='word_1_65' title='bbox 1678 1048 1874 1123; x_wconf 88' lang='lat' dir='ltr'><strong>hunc</strong></span> <span class='ocrx_word' id='word_1_66' title='bbox 1935 1054 2236 1122; x_wconf 81' lang='lat' dir='ltr'><strong>modum</strong></span> <span class='ocrx_word' id='word_1_67' title='bbox 2291 1077 2572 1125; x_wconf 83' lang='lat' dir='ltr'><strong>exorsus</strong></span> 
     </span>
     <span class='ocr_line' id='line_1_11' title="bbox 341 1151 2570 1247; baseline 0.001 -23"><span class='ocrx_word' id='word_1_68' title='bbox 341 1168 467 1228; x_wconf 89' lang='lat' dir='ltr'><strong>est.</strong></span> <span class='ocrx_word' id='word_1_69' title='bbox 565 1209 609 1239; x_wconf 88' lang='lat'><strong>‚‚</strong></span> <span class='ocrx_word' id='word_1_70' title='bbox 627 1152 709 1224; x_wconf 88' lang='lat' dir='ltr'><strong>Si</strong></span> <span class='ocrx_word' id='word_1_71' title='bbox 746 1151 861 1227; x_wconf 88' lang='grc' dir='ltr'><strong>.Ρ.</strong></span> <span class='ocrx_word' id='word_1_72' title='bbox 891 1151 972 1225; x_wconf 88' lang='lat' dir='ltr'><strong>C.</strong></span> <span class='ocrx_word' id='word_1_73' title='bbox 1017 1158 1245 1247; x_wconf 79' lang='lat' dir='ltr'><strong>unum</strong></span> <span class='ocrx_word' id='word_1_74' title='bbox 1279 1154 1355 1222; x_wconf 90' lang='lat' dir='ltr'><strong>id</strong></span> <span class='ocrx_word' id='word_1_75' title='bbox 1396 1168 1810 1246; x_wconf 82' lang='lat' dir='ltr'><strong>spectamuS,</strong></span> <span class='ocrx_word' id='word_1_76' title='bbox 1859 1179 2074 1247; x_wconf 89' lang='lat' dir='ltr'><strong>quam</strong></span> <span class='ocrx_word' id='word_1_77' title='bbox 2104 1157 2377 1225; x_wconf 88' lang='lat' dir='ltr'><strong>nefaria</strong></span> <span class='ocrx_word' id='word_1_78' title='bbox 2405 1182 2570 1240; x_wconf 72' lang='lat' dir='ltr'><strong>voce</strong></span> 
     </span>
     <span class='ocr_line' id='line_1_12' title="bbox 337 1252 2571 1342; baseline 0 -16"><span class='ocrx_word' id='word_1_79' title='bbox 337 1309 383 1342; x_wconf 86' lang='lat'>„</span> <span class='ocrx_word' id='word_1_80' title='bbox 394 1253 477 1328; x_wconf 91' lang='lat' dir='ltr'><strong>C.</strong></span> <span class='ocrx_word' id='word_1_81' title='bbox 518 1254 858 1327; x_wconf 88' lang='lat' dir='ltr'><strong>Lutorius</strong></span> <span class='ocrx_word' id='word_1_82' title='bbox 898 1253 1184 1324; x_wconf 87' lang='lat' dir='ltr'><strong>Priscus</strong></span> <span class='ocrx_word' id='word_1_83' title='bbox 1237 1269 1563 1324; x_wconf 88' lang='lat' dir='ltr'><strong>mentem.</strong></span> <span class='ocrx_word' id='word_1_84' title='bbox 1596 1280 1797 1324; x_wconf 89' lang='lat' dir='ltr'><strong>suam</strong></span> <span class='ocrx_word' id='word_1_85' title='bbox 1840 1269 1908 1333; x_wconf 85' lang='lat' dir='ltr'><strong>et</strong></span> <span class='ocrx_word' id='word_1_86' title='bbox 1946 1280 2150 1324; x_wconf 86' lang='lat' dir='ltr'><strong>aures</strong></span> <span class='ocrx_word' id='word_1_87' title='bbox 2195 1252 2571 1328; x_wconf 83' lang='lat' dir='ltr'><strong>hominum</strong></span> 
     </span>
     <span class='ocr_line' id='line_1_13' title="bbox 338 1348 2575 1452; baseline 0 -25"><span class='ocrx_word' id='word_1_88' title='bbox 338 1350 773 1450; x_wconf 85' lang='lat' dir='ltr'><strong>„polluerit,</strong></span> <span class='ocrx_word' id='word_1_89' title='bbox 811 1380 1042 1449; x_wconf 89' lang='lat' dir='ltr'><strong>neque</strong></span> <span class='ocrx_word' id='word_1_90' title='bbox 1073 1380 1308 1425; x_wconf 91' lang='lat' dir='ltr'><strong>carcer</strong></span> <span class='ocrx_word' id='word_1_91' title='bbox 1333 1381 1564 1450; x_wconf 90' lang='lat' dir='ltr'><strong>neque</strong></span> <span class='ocrx_word' id='word_1_92' title='bbox 1593 1348 1920 1450; x_wconf 80' lang='lat' dir='ltr'><strong>laqueus,</strong></span> <span class='ocrx_word' id='word_1_93' title='bbox 1970 1381 2078 1426; x_wconf 81' lang='lat' dir='ltr'><strong>ne.</strong></span> <span class='ocrx_word' id='word_1_94' title='bbox 2096 1359 2383 1427; x_wconf 87' lang='lat' dir='ltr'><strong>serviles</strong></span> <span class='ocrx_word' id='word_1_95' title='bbox 2414 1361 2575 1452; x_wconf 87' lang='lat' dir='ltr'><strong>qui-</strong></span> 
     </span>
     <span class='ocr_line' id='line_1_14' title="bbox 338 1454 2658 1547; baseline 0 -19"><span class='ocrx_word' id='word_1_96' title='bbox 338 1461 560 1545; x_wconf 75' lang='lat' dir='ltr'><strong>„de&#39;m</strong></span> <span class='ocrx_word' id='word_1_97' title='bbox 611 1458 957 1528; x_wconf 86' lang='lat' dir='ltr'><strong>cruciatus</strong></span> <span class='ocrx_word' id='word_1_98' title='bbox 998 1456 1094 1525; x_wconf 79' lang='lat' dir='ltr'><strong>in·</strong></span> <span class='ocrx_word' id='word_1_99' title='bbox 1120 1482 1296 1525; x_wconf 64' lang='lat' dir='ltr'><strong>reum</strong></span> <span class='ocrx_word' id='word_1_100' title='bbox 1350 1458 1777 1530; x_wconf 87' lang='lat' dir='ltr'><strong>suffecerint.</strong></span> <span class='ocrx_word' id='word_1_101' title='bbox 1895 1458 2008 1526; x_wconf 90' lang='lat' dir='ltr'><strong>sin</strong></span> <span class='ocrx_word' id='word_1_102' title='bbox 2037 1454 2310 1547; x_wconf 45' lang='lat' dir='ltr'><strong>‘flagitia</strong></span> <span class='ocrx_word' id='word_1_103' title='bbox 2355 1474 2427 1531; x_wconf 86' lang='lat' dir='ltr'><strong>et</strong></span> <span class='ocrx_word' id='word_1_104' title='bbox 2470 1462 2575 1529; x_wconf 90' lang='lat' dir='ltr'><strong>fa-</strong></span> <span class='ocrx_word' id='word_1_105' title='bbox 2653 1462 2658 1469; x_wconf 79' lang='grc'><strong>’</strong></span> 
     </span>
     <span class='ocr_line' id='line_1_15' title="bbox 335 1559 2575 1659; baseline 0 -28"><span class='ocrx_word' id='word_1_106' title='bbox 335 1562 638 1647; x_wconf 87' lang='lat' dir='ltr'><strong>„cinora</strong></span> <span class='ocrx_word' id='word_1_107' title='bbox 681 1560 834 1627; x_wconf 84' lang='lat' dir='ltr'><strong>sine</strong></span> <span class='ocrx_word' id='word_1_108' title='bbox 871 1560 1086 1628; x_wconf 92' lang='lat' dir='ltr'><strong>modo</strong></span> <span class='ocrx_word' id='word_1_109' title='bbox 1123 1574 1322 1644; x_wconf 85' lang='lat' dir='ltr'><strong>sunt,</strong></span> <span class='ocrx_word' id='word_1_110' title='bbox 1375 1559 1739 1659; x_wconf 77' lang='lat' dir='ltr'><strong>suppliciis</strong></span> <span class='ocrx_word' id='word_1_111' title='bbox 1764 1574 1844 1628; x_wconf 87' lang='lat' dir='ltr'><strong>ac</strong></span> <span class='ocrx_word' id='word_1_112' title='bbox 1873 1560 2204 1629; x_wconf 88' lang='lat' dir='ltr'><strong>remediis</strong></span> <span class='ocrx_word' id='word_1_113' title='bbox 2232 1560 2575 1654; x_wconf 90' lang='lat' dir='ltr'><strong>principis</strong></span> 
     </span>
     <span class='ocr_line' id='line_1_16' title="bbox 340 1659 2577 1757; baseline 0 -26"><span class='ocrx_word' id='word_1_114' title='bbox 340 1662 792 1748; x_wconf 82' lang='lat' dir='ltr'><strong>„moderatio</strong></span> <span class='ocrx_word' id='word_1_115' title='bbox 851 1659 1343 1753; x_wconf 88' lang='lat' dir='ltr'><strong>maiorumque</strong></span> <span class='ocrx_word' id='word_1_116' title='bbox 1400 1675 1468 1729; x_wconf 86' lang='lat' dir='ltr'><strong>et</strong></span> <span class='ocrx_word' id='word_1_117' title='bbox 1516 1676 1747 1757; x_wconf 85' lang='lat' dir='ltr'><strong>vestra</strong></span> <span class='ocrx_word' id='word_1_118' title='bbox 1799 1662 2117 1752; x_wconf 83' lang='lat' dir='ltr'><strong>exempla</strong></span> <span class='ocrx_word' id='word_1_119' title='bbox 2162 1674 2577 1755; x_wconf 85' lang='lat' dir='ltr'><strong>temperant,</strong></span> 
     </span>
     <span class='ocr_line' id='line_1_17' title="bbox 335 1761 2577 1850; baseline 0 -17"><span class='ocrx_word' id='word_1_120' title='bbox 335 1778 464 1850; x_wconf 84' lang='lat' dir='ltr'><strong>„et</strong></span> <span class='ocrx_word' id='word_1_121' title='bbox 500 1787 685 1834; x_wconf 88' lang='lat' dir='ltr'><strong>vana</strong></span> <span class='ocrx_word' id='word_1_122' title='bbox 725 1787 766 1830; x_wconf 90' lang='lat' dir='ltr'><strong>a</strong></span> <span class='ocrx_word' id='word_1_123' title='bbox 808 1761 1142 1849; x_wconf 81' lang='lat' dir='ltr'><strong>scelestiS‚</strong></span> <span class='ocrx_word' id='word_1_124' title='bbox 1192 1762 1379 1830; x_wconf 84' lang='lat' dir='ltr'><strong>dicta</strong></span> <span class='ocrx_word' id='word_1_125' title='bbox 1418 1787 1459 1831; x_wconf 88' lang='lat' dir='ltr'><strong>a</strong></span> <span class='ocrx_word' id='word_1_126' title='bbox 1498 1762 1859 1830; x_wconf 86' lang='lat' dir='ltr'><strong>maleficiis</strong></span> <span class='ocrx_word' id='word_1_127' title='bbox 1898 1763 2269 1831; x_wconf 87' lang='lat' dir='ltr'><strong>differunt:</strong></span> <span class='ocrx_word' id='word_1_128' title='bbox 2325 1779 2429 1833; x_wconf 86' lang='lat' dir='ltr'><strong>est</strong></span> <span class='ocrx_word' id='word_1_129' title='bbox 2469 1764 2577 1834; x_wconf 93' lang='lat' dir='ltr'><strong>lo-</strong></span> 
     </span>
     <span class='ocr_line' id='line_1_18' title="bbox 340 1857 2574 1957; baseline 0 -22"><span class='ocrx_word' id='word_1_130' title='bbox 340 1890 522 1952; x_wconf 89' lang='lat' dir='ltr'><strong>„cus</strong></span> <span class='ocrx_word' id='word_1_131' title='bbox 549 1863 968 1948; x_wconf 87' lang='lat' dir='ltr'><strong>sententiae,</strong></span> <span class='ocrx_word' id='word_1_132' title='bbox 1017 1887 1147 1955; x_wconf 88' lang='lat' dir='ltr'><strong>per</strong></span> <span class='ocrx_word' id='word_1_133' title='bbox 1176 1887 1390 1956; x_wconf 80' lang='lat' dir='ltr'><strong>quam</strong></span> <span class='ocrx_word' id='word_1_134' title='bbox 1414 1870 1643 1957; x_wconf 82' lang='lat' dir='ltr'><strong>neque</strong></span> <span class='ocrx_word' id='word_1_135' title='bbox 1685 1857 1856 1931; x_wconf 91' lang='lat' dir='ltr'><strong>huic</strong></span> <span class='ocrx_word' id='word_1_136' title='bbox 1902 1864 2239 1933; x_wconf 86' lang='lat' dir='ltr'><strong>delictum</strong></span> <span class='ocrx_word' id='word_1_137' title='bbox 2281 1860 2574 1956; x_wconf 83' lang='lat' dir='ltr'><strong>impune</strong></span> 
     </span>
     <span class='ocr_line' id='line_1_19' title="bbox 336 1964 2569 2056; baseline 0.001 -20"><span class='ocrx_word' id='word_1_138' title='bbox 336 1968 481 2053; x_wconf 89' lang='lat' dir='ltr'><strong>„sit</strong></span> <span class='ocrx_word' id='word_1_139' title='bbox 517 1980 585 2036; x_wconf 84' lang='lat' dir='ltr'><strong>et</strong></span> <span class='ocrx_word' id='word_1_140' title='bbox 624 1989 758 2053; x_wconf 83' lang='lat' dir='ltr'><strong>nos</strong></span> <span class='ocrx_word' id='word_1_141' title='bbox 789 1964 1199 2035; x_wconf 85' lang='lat' dir='ltr'><strong>clementiae</strong></span> <span class='ocrx_word' id='word_1_142' title='bbox 1228 1965 1442 2034; x_wconf 87' lang='lat' dir='ltr'><strong>simul</strong></span> <span class='ocrx_word' id='word_1_143' title='bbox 1465 1989 1545 2033; x_wconf 90' lang='lat' dir='ltr'><strong>ac</strong></span> <span class='ocrx_word' id='word_1_144' title='bbox 1582 1964 1971 2035; x_wconf 87' lang='lat' dir='ltr'><strong>severitatis</strong></span> <span class='ocrx_word' id='word_1_145' title='bbox 1998 1989 2150 2033; x_wconf 90' lang='lat' dir='ltr'><strong>non</strong></span> <span class='ocrx_word' id='word_1_146' title='bbox 2190 1967 2569 2056; x_wconf 85' lang='lat' dir='ltr'><strong>poeniteat.</strong></span> 
     </span>
     <span class='ocr_line' id='line_1_20' title="bbox 333 2066 2574 2161; baseline -0.001 -24"><span class='ocrx_word' id='word_1_147' title='bbox 333 2068 616 2161; x_wconf 86' lang='lat' dir='ltr'><strong>„Saepe</strong></span> <span class='ocrx_word' id='word_1_148' title='bbox 683 2066 930 2137; x_wconf 89' lang='lat' dir='ltr'><strong>audivi</strong></span> <span class='ocrx_word' id='word_1_149' title='bbox 991 2066 1408 2159; x_wconf 87' lang='lat' dir='ltr'><strong>principem‘</strong></span> <span class='ocrx_word' id='word_1_150' title='bbox 1457 2079 1784 2135; x_wconf 89' lang='lat' dir='ltr'><strong>nostrum</strong></span> <span class='ocrx_word' id='word_1_151' title='bbox 1845 2068 2432 2158; x_wconf 78' lang='lat' dir='ltr'><strong>conquerentem,</strong></span> <span class='ocrx_word' id='word_1_152' title='bbox 2515 2066 2574 2141; x_wconf 89' lang='lat' dir='ltr'><strong>si</strong></span> 
     </span>
     <span class='ocr_line' id='line_1_21' title="bbox 337 2166 2573 2266; baseline 0.002 -26"><span class='ocrx_word' id='word_1_153' title='bbox 337 2224 381 2257; x_wconf 87' lang='lat'>„</span> <span class='ocrx_word' id='word_1_154' title='bbox 396 2171 558 2266; x_wconf 80' lang='lat' dir='ltr'><strong>quis</strong></span> <span class='ocrx_word' id='word_1_155' title='bbox 623 2182 903 2262; x_wconf 84' lang='lat' dir='ltr'><strong>sumpta</strong></span> <span class='ocrx_word' id='word_1_156' title='bbox 968 2183 1199 2240; x_wconf 87' lang='lat' dir='ltr'><strong>morte</strong></span> <span class='ocrx_word' id='word_1_157' title='bbox 1247 2166 1813 2240; x_wconf 81' lang='lat' dir='ltr'><strong>misericordiam</strong></span> <span class='ocrx_word' id='word_1_158' title='bbox 1861 2167 2015 2237; x_wconf 91' lang='lat' dir='ltr'><strong>eius</strong></span> <span class='ocrx_word' id='word_1_159' title='bbox 2076 2169 2573 2264; x_wconf 83' lang='lat' dir='ltr'><strong>praevenisset.</strong></span> 
     </span>
    </p>
   </div>
   <div class='ocr_carea' id='block_1_4' title="bbox 405 2432 2578 2502">
    <p class='ocr_par' dir='ltr' id='par_1_4' title="bbox 405 2432 2578 2502">
     <span class='ocr_line' id='line_1_22' title="bbox 405 2432 2578 2502; baseline -0.001 -15"><span class='ocrx_word' id='word_1_160' title='bbox 405 2435 485 2488; x_wconf 80' lang='lat' dir='ltr'><strong>ad</strong></span> <span class='ocrx_word' id='word_1_161' title='bbox 516 2434 807 2486; x_wconf 79' lang='lat' dir='ltr'><strong>dicendum</strong></span> <span class='ocrx_word' id='word_1_162' title='bbox 847 2441 890 2485; x_wconf 82' lang='lat' dir='ltr'><strong>t.</strong></span> <span class='ocrx_word' id='word_1_163' title='bbox 930 2433 1244 2485; x_wconf 79' lang='lat' dir='ltr'><strong>exterritis.</strong></span> <span class='ocrx_word' id='word_1_164' title='bbox 1331 2432 1408 2485; x_wconf 83' lang='lat' dir='ltr'><strong>cf.</strong></span> <span class='ocrx_word' id='word_1_165' title='bbox 1492 2449 1675 2485; x_wconf 85' lang='lat' dir='ltr'><strong>unum</strong></span> <span class='ocrx_word' id='word_1_166' title='bbox 1735 2433 1794 2484; x_wconf 82' lang='lat' dir='ltr'><strong>id</strong></span> <span class='ocrx_word' id='word_1_167' title='bbox 1859 2440 2182 2494; x_wconf 80' lang='lat' dir='ltr'><strong>spectamus</strong></span> <span class='ocrx_word' id='word_1_168' title='bbox 2228 2457 2331 2491; x_wconf 89' lang='lat'><strong>-,</strong></span> <span class='ocrx_word' id='word_1_169' title='bbox 2399 2449 2578 2502; x_wconf 82' lang='lat' dir='ltr'><strong>neque</strong></span> 
     </span>
    </p>
   </div>
   <div class='ocr_carea' id='block_1_5' title="bbox 239 2501 1411 2571">
    <p class='ocr_par' dir='ltr' id='par_1_5' title="bbox 239 2501 1411 2571">
     <span class='ocr_line' id='line_1_23' title="bbox 239 2501 1411 2571; baseline -0.003 -14"><span class='ocrx_word' id='word_1_170' title='bbox 239 2527 242 2532; x_wconf 88' lang='lat'><strong>·</strong></span> <span class='ocrx_word' id='word_1_171' title='bbox 332 2513 449 2557; x_wconf 79' lang='lat' dir='ltr'><strong>not.</strong></span> <span class='ocrx_word' id='word_1_172' title='bbox 476 2503 540 2557; x_wconf 86' lang='lat' dir='ltr'><strong>ad</strong></span> <span class='ocrx_word' id='word_1_173' title='bbox 563 2503 614 2565; x_wconf 74' lang='lat'><strong>2,</strong></span> <span class='ocrx_word' id='word_1_174' title='bbox 637 2502 724 2555; x_wconf 76' lang='lat'><strong>62.</strong></span> <span class='ocrx_word' id='word_1_175' title='bbox 766 2503 866 2553; x_wconf 90' lang='lat' dir='ltr'><strong>sub</strong></span> <span class='ocrx_word' id='word_1_176' title='bbox 890 2521 990 2557; x_wconf 85' lang='lat' dir='ltr'><strong>vv.</strong></span> <span class='ocrx_word' id='word_1_177' title='bbox 1020 2501 1411 2571; x_wconf 70' lang='lat' dir='ltr'><strong>corruptisque</strong></span> 
     </span>
    </p>
   </div>
   <div class='ocr_carea' id='block_1_6' title="bbox 327 2572 972 2641">
    <p class='ocr_par' dir='ltr' id='par_1_6' title="bbox 327 2572 972 2641">
     <span class='ocr_line' id='line_1_24' title="bbox 327 2572 972 2641; baseline -0.003 -18"><span class='ocrx_word' id='word_1_178' title='bbox 327 2572 503 2641; x_wconf 84' lang='lat' dir='ltr'><strong>prim.</strong></span> <span class='ocrx_word' id='word_1_179' title='bbox 531 2575 610 2623; x_wconf 83' lang='lat' dir='ltr'><strong>ad</strong></span> <span class='ocrx_word' id='word_1_180' title='bbox 630 2572 972 2630; x_wconf 57' lang='lat' dir='ltr'><strong>societatem.</strong></span> 
     </span>
    </p>
   </div>
   <div class='ocr_carea' id='block_1_7' title="bbox 331 2666 1407 2870">
    <p class='ocr_par' dir='ltr' id='par_1_7' title="bbox 331 2666 1407 2870">
     <span class='ocr_line' id='line_1_25' title="bbox 401 2666 1406 2726; baseline 0 -3"><span class='ocrx_word' id='word_1_181' title='bbox 401 2671 781 2724; x_wconf 80' lang='lat' dir='ltr'><strong>adseveravit.</strong></span> <span class='ocrx_word' id='word_1_182' title='bbox 853 2667 948 2721; x_wconf 87' lang='lat' dir='ltr'><strong>Sic</strong></span> <span class='ocrx_word' id='word_1_183' title='bbox 990 2668 1112 2726; x_wconf 89' lang='lat' dir='ltr'><strong>edd.</strong></span> <span class='ocrx_word' id='word_1_184' title='bbox 1150 2666 1406 2723; x_wconf 77' lang='lat' dir='ltr'><strong>Beroald-</strong></span> 
     </span>
     <span class='ocr_line' id='line_1_26' title="bbox 331 2738 1407 2861; baseline 0 -69"><span class='ocrx_word' id='word_1_185' title='bbox 331 2739 506 2793; x_wconf 85' lang='lat' dir='ltr'><strong>Rhen.</strong></span> <span class='ocrx_word' id='word_1_186' title='bbox 559 2758 675 2861; x_wconf 64' lang='lat' dir='ltr'><strong>sqq.</strong></span> <span class='ocrx_word' id='word_1_187' title='bbox 760 2740 1055 2791; x_wconf 80' lang='lat' dir='ltr'><strong>adseuavit</strong></span> <span class='ocrx_word' id='word_1_188' title='bbox 1104 2738 1230 2793; x_wconf 84' lang='lat' dir='ltr'><strong>eod.</strong></span> <span class='ocrx_word' id='word_1_189' title='bbox 1280 2738 1407 2792; x_wconf 68' lang='lat' dir='ltr'><strong>M&amp;</strong></span> 
     </span>
     <span class='ocr_line' id='line_1_27' title="bbox 334 2806 842 2870; baseline -0.006 -7"><span class='ocrx_word' id='word_1_190' title='bbox 334 2808 408 2863; x_wconf 80' lang='lat' dir='ltr'><strong>ef.</strong></span> <span class='ocrx_word' id='word_1_191' title='bbox 443 2817 560 2860; x_wconf 83' lang='lat' dir='ltr'><strong>not.</strong></span> <span class='ocrx_word' id='word_1_192' title='bbox 588 2828 617 2861; x_wconf 89' lang='lat' dir='ltr'><strong>a</strong></span> <span class='ocrx_word' id='word_1_193' title='bbox 680 2806 730 2870; x_wconf 69' lang='grc' dir='ltr'><strong>Ξ,</strong></span> <span class='ocrx_word' id='word_1_194' title='bbox 756 2807 842 2860; x_wconf 80' lang='grc'><strong>83.</strong></span> 
     </span>
    </p>
   </div>
   <div class='ocr_carea' id='block_1_8' title="bbox 400 2898 1414 2977">
    <p class='ocr_par' dir='ltr' id='par_1_8' title="bbox 400 2898 1414 2977">
     <span class='ocr_line' id='line_1_28' title="bbox 400 2898 1414 2977; baseline -0.002 -17"><span class='ocrx_word' id='word_1_195' title='bbox 400 2907 538 2961; x_wconf 74' lang='lat' dir='ltr'><strong>CAP.</strong></span> <span class='ocrx_word' id='word_1_196' title='bbox 563 2905 648 2960; x_wconf 85' lang='lat'><strong>50.</strong></span> <span class='ocrx_word' id='word_1_197' title='bbox 720 2908 809 2959; x_wconf 83' lang='lat' dir='ltr'><strong>sin</strong></span> <span class='ocrx_word' id='word_1_198' title='bbox 828 2898 1072 2977; x_wconf 70' lang='lat' dir='ltr'><strong>flagitiu</strong></span> <span class='ocrx_word' id='word_1_199' title='bbox 1093 2944 1234 2962; x_wconf 88' lang='grc'><strong>.....</strong></span> <span class='ocrx_word' id='word_1_200' title='bbox 1308 2924 1414 2959; x_wconf 58' lang='lat' dir='ltr'><strong>oe-‘</strong></span> 
     </span>
    </p>
   </div>
   <div class='ocr_carea' id='block_1_9' title="bbox 316 2972 1411 4266">
    <p class='ocr_par' dir='ltr' id='par_1_9' title="bbox 316 2972 1411 4266">
     <span class='ocr_line' id='line_1_29' title="bbox 329 2972 1221 3036; baseline -0.003 -6"><span class='ocrx_word' id='word_1_201' title='bbox 329 2978 525 3030; x_wconf 79' lang='lat' dir='ltr'><strong>niteat.</strong></span> <span class='ocrx_word' id='word_1_202' title='bbox 607 2975 834 3029; x_wconf 83' lang='lat' dir='ltr'><strong>Diversa</strong></span> <span class='ocrx_word' id='word_1_203' title='bbox 875 2972 1221 3036; x_wconf 78' lang='lat' dir='ltr'><strong>distinctione</strong></span> 
     </span>
     <span class='ocr_line' id='line_1_30' title="bbox 332 3043 1411 3114; baseline -0.003 -17"><span class='ocrx_word' id='word_1_204' title='bbox 332 3045 520 3099; x_wconf 87' lang='lat' dir='ltr'><strong>locum</strong></span> <span class='ocrx_word' id='word_1_205' title='bbox 566 3045 752 3098; x_wconf 79' lang='lat' dir='ltr'><strong>edunt.</strong></span> <span class='ocrx_word' id='word_1_206' title='bbox 846 3043 957 3096; x_wconf 86' lang='lat' dir='ltr'><strong>Alii</strong></span> <span class='ocrx_word' id='word_1_207' title='bbox 995 3043 1236 3114; x_wconf 82' lang='lat' dir='ltr'><strong>protasia</strong></span> <span class='ocrx_word' id='word_1_208' title='bbox 1280 3062 1411 3113; x_wconf 87' lang='lat' dir='ltr'><strong>pro·</strong></span> 
     </span>
     <span class='ocr_line' id='line_1_31' title="bbox 328 3112 1410 3183; baseline -0.004 -16"><span class='ocrx_word' id='word_1_209' title='bbox 328 3113 515 3167; x_wconf 79' lang='lat' dir='ltr'><strong>ferunt</strong></span> <span class='ocrx_word' id='word_1_210' title='bbox 539 3132 708 3183; x_wconf 87' lang='lat' dir='ltr'><strong>usque</strong></span> <span class='ocrx_word' id='word_1_211' title='bbox 740 3112 1066 3166; x_wconf 77' lang='lat' dir='ltr'><strong>adverbum</strong></span> <span class='ocrx_word' id='word_1_212' title='bbox 1105 3113 1410 3178; x_wconf 50' lang='lat' dir='ltr'><strong>differ-unu</strong></span> 
     </span>
     <span class='ocr_line' id='line_1_32' title="bbox 316 3175 1411 3252; baseline -0.002 -18"><span class='ocrx_word' id='word_1_213' title='bbox 316 3175 540 3252; x_wconf 83' lang='lat' dir='ltr'><strong>reliqua</strong></span> <span class='ocrx_word' id='word_1_214' title='bbox 570 3193 682 3252; x_wconf 73' lang='lat' dir='ltr'><strong>&#39;pro</strong></span> <span class='ocrx_word' id='word_1_215' title='bbox 739 3179 961 3251; x_wconf 87' lang='lat' dir='ltr'><strong>apodosi</strong></span> <span class='ocrx_word' id='word_1_216' title='bbox 996 3179 1226 3234; x_wconf 59' lang='lat' dir='ltr'><strong>:habena</strong></span> <span class='ocrx_word' id='word_1_217' title='bbox 1313 3178 1411 3232; x_wconf 76' lang='lat' dir='ltr'><strong>Sic</strong></span> 
     </span>
     <span class='ocr_line' id='line_1_33' title="bbox 329 3247 1410 3320; baseline -0.003 -16"><span class='ocrx_word' id='word_1_218' title='bbox 329 3250 574 3304; x_wconf 81' lang='lat' dir='ltr'><strong>Rhenan.</strong></span> <span class='ocrx_word' id='word_1_219' title='bbox 616 3248 866 3303; x_wconf 77' lang='lat' dir='ltr'><strong>Gronov.</strong></span> <span class='ocrx_word' id='word_1_220' title='bbox 901 3247 1075 3320; x_wconf 80' lang='lat' dir='ltr'><strong>Ryek.</strong></span> <span class='ocrx_word' id='word_1_221' title='bbox 1115 3248 1204 3301; x_wconf 83' lang='lat' dir='ltr'><strong>alii</strong></span> <span class='ocrx_word' id='word_1_222' title='bbox 1247 3267 1316 3300; x_wconf 87' lang='lat' dir='ltr'><strong>ue</strong></span> <span class='ocrx_word' id='word_1_223' title='bbox 1355 3257 1410 3301; x_wconf 83' lang='lat' dir='ltr'><strong>et</strong></span> 
     </span>
     <span class='ocr_line' id='line_1_34' title="bbox 330 3316 1406 3389; baseline -0.004 -18"><span class='ocrx_word' id='word_1_224' title='bbox 330 3338 509 3389; x_wconf 86' lang='lat' dir='ltr'><strong>nuper</strong></span> <span class='ocrx_word' id='word_1_225' title='bbox 558 3316 943 3370; x_wconf 78' lang='lat' dir='ltr'><strong>Li’memannus</strong></span> <span class='ocrx_word' id='word_1_226' title='bbox 1005 3327 1057 3370; x_wconf 83' lang='lat' dir='ltr'><strong>et</strong></span> <span class='ocrx_word' id='word_1_227' title='bbox 1106 3316 1222 3370; x_wconf 82' lang='lat' dir='ltr'><strong>Bek</strong></span> <span class='ocrx_word' id='word_1_228' title='bbox 1262 3335 1406 3368; x_wconf 89' lang='lat' dir='ltr'><strong>erus.</strong></span> 
     </span>
     <span class='ocr_line' id='line_1_35' title="bbox 334 3385 1409 3456; baseline -0.004 -16"><span class='ocrx_word' id='word_1_229' title='bbox 334 3386 636 3442; x_wconf 86' lang='lat' dir='ltr'><strong>Oberlinus</strong></span> <span class='ocrx_word' id='word_1_230' title='bbox 685 3395 738 3437; x_wconf 84' lang='lat' dir='ltr'><strong>et</strong></span> <span class='ocrx_word' id='word_1_231' title='bbox 787 3385 880 3455; x_wconf 87' lang='lat' dir='ltr'><strong>qui</strong></span> <span class='ocrx_word' id='word_1_232' title='bbox 931 3387 1058 3437; x_wconf 80' lang='lat' dir='ltr'><strong>eum</strong></span> <span class='ocrx_word' id='word_1_233' title='bbox 1107 3393 1409 3456; x_wconf 83' lang='lat' dir='ltr'><strong>sequuntur</strong></span> 
     </span>
     <span class='ocr_line' id='line_1_36' title="bbox 330 3453 1408 3530; baseline -0.003 -23"><span class='ocrx_word' id='word_1_234' title='bbox 330 3464 457 3530; x_wconf 85' lang='lat' dir='ltr'><strong>post</strong></span> <span class='ocrx_word' id='word_1_235' title='bbox 508 3454 776 3520; x_wconf 68' lang='lat' dir='ltr'><strong>differunt</strong></span> <span class='ocrx_word' id='word_1_236' title='bbox 870 3453 1020 3506; x_wconf 85' lang='lat' dir='ltr'><strong>uncti</strong></span> <span class='ocrx_word' id='word_1_237' title='bbox 1071 3463 1258 3506; x_wconf 89' lang='lat' dir='ltr'><strong>notam</strong></span> <span class='ocrx_word' id='word_1_238' title='bbox 1303 3470 1408 3522; x_wconf 88' lang='lat' dir='ltr'><strong>po-</strong></span> 
     </span>
     <span class='ocr_line' id='line_1_37' title="bbox 330 3519 1406 3592; baseline -0.005 -15"><span class='ocrx_word' id='word_1_239' title='bbox 330 3529 499 3577; x_wconf 70' lang='lat' dir='ltr'><strong>nunt.</strong></span> <span class='ocrx_word' id='word_1_240' title='bbox 558 3524 632 3574; x_wconf 82' lang='lat' dir='ltr'><strong>lta</strong></span> <span class='ocrx_word' id='word_1_241' title='bbox 662 3529 713 3573; x_wconf 80' lang='lat' dir='ltr'><strong>et</strong></span> <span class='ocrx_word' id='word_1_242' title='bbox 738 3540 827 3572; x_wconf 86' lang='lat' dir='ltr'><strong>ver</strong></span> <span class='ocrx_word' id='word_1_243' title='bbox 850 3541 896 3592; x_wconf 40' lang='lat' dir='ltr'><strong>‘a</strong></span> <span class='ocrx_word' id='word_1_244' title='bbox 924 3522 1277 3583; x_wconf 85' lang='lat' dir='ltr'><strong>nostratium,</strong></span> <span class='ocrx_word' id='word_1_245' title='bbox 1312 3519 1406 3591; x_wconf 88' lang='lat' dir='ltr'><strong>qui</strong></span> 
     </span>
     <span class='ocr_line' id='line_1_38' title="bbox 331 3587 1409 3647; baseline -0.005 -1"><span class='ocrx_word' id='word_1_246' title='bbox 331 3592 482 3647; x_wconf 83' lang='lat' dir='ltr'><strong>hunc</strong></span> <span class='ocrx_word' id='word_1_247' title='bbox 528 3590 712 3643; x_wconf 87' lang='lat' dir='ltr'><strong>locum</strong></span> <span class='ocrx_word' id='word_1_248' title='bbox 753 3587 1078 3642; x_wconf 84' lang='lat' dir='ltr'><strong>Germanice</strong></span> <span class='ocrx_word' id='word_1_249' title='bbox 1120 3601 1409 3644; x_wconf 80' lang='lat' dir='ltr'><strong>couverte-</strong></span> 
     </span>
     <span class='ocr_line' id='line_1_39' title="bbox 331 3656 1407 3727; baseline -0.004 -13"><span class='ocrx_word' id='word_1_250' title='bbox 331 3670 491 3722; x_wconf 84' lang='lat' dir='ltr'><strong>runt,</strong></span> <span class='ocrx_word' id='word_1_251' title='bbox 525 3659 584 3711; x_wconf 86' lang='lat' dir='ltr'><strong>in</strong></span> <span class='ocrx_word' id='word_1_252' title='bbox 623 3658 755 3710; x_wconf 88' lang='lat' dir='ltr'><strong>duas</strong></span> <span class='ocrx_word' id='word_1_253' title='bbox 790 3667 966 3727; x_wconf 85' lang='lat' dir='ltr'><strong>partes</strong></span> <span class='ocrx_word' id='word_1_254' title='bbox 1003 3659 1222 3710; x_wconf 88' lang='lat' dir='ltr'><strong>abeunt.</strong></span> <span class='ocrx_word' id='word_1_255' title='bbox 1293 3656 1407 3710; x_wconf 79' lang='lat' dir='ltr'><strong>Ae-</strong></span> 
     </span>
     <span class='ocr_line' id='line_1_40' title="bbox 331 3725 1407 3794; baseline -0.004 -11"><span class='ocrx_word' id='word_1_256' title='bbox 331 3740 516 3783; x_wconf 86' lang='lat' dir='ltr'><strong>curate</strong></span> <span class='ocrx_word' id='word_1_257' title='bbox 542 3725 890 3780; x_wconf 84' lang='lat' dir='ltr'><strong>consideratis</strong></span> <span class='ocrx_word' id='word_1_258' title='bbox 915 3725 1023 3778; x_wconf 86' lang='lat' dir='ltr'><strong>loci</strong></span> <span class='ocrx_word' id='word_1_259' title='bbox 1051 3726 1292 3794; x_wconf 80' lang='lat' dir='ltr'><strong>partibus</strong></span> <span class='ocrx_word' id='word_1_260' title='bbox 1317 3744 1407 3779; x_wconf 86' lang='lat' dir='ltr'><strong>ne-</strong></span> 
     </span>
     <span class='ocr_line' id='line_1_41' title="bbox 332 3792 1408 3851; baseline -0.005 0"><span class='ocrx_word' id='word_1_261' title='bbox 332 3818 427 3851; x_wconf 87' lang='lat' dir='ltr'><strong>mo</strong></span> <span class='ocrx_word' id='word_1_262' title='bbox 464 3815 579 3850; x_wconf 86' lang='lat' dir='ltr'><strong>non</strong></span> <span class='ocrx_word' id='word_1_263' title='bbox 619 3813 807 3847; x_wconf 86' lang='lat' dir='ltr'><strong>vanam</strong></span> <span class='ocrx_word' id='word_1_264' title='bbox 847 3792 1101 3845; x_wconf 86' lang='lat' dir='ltr'><strong>Oberlini</strong></span> <span class='ocrx_word' id='word_1_265' title='bbox 1141 3796 1408 3847; x_wconf 81' lang='lat' dir='ltr'><strong>rationem</strong></span> 
     </span>
     <span class='ocr_line' id='line_1_42' title="bbox 330 3860 1408 3931; baseline -0.009 -8"><span class='ocrx_word' id='word_1_266' title='bbox 330 3865 552 3923; x_wconf 82' lang='lat' dir='ltr'><strong>videbit.</strong></span> <span class='ocrx_word' id='word_1_267' title='bbox 622 3863 761 3916; x_wconf 89' lang='lat' dir='ltr'><strong>Nam</strong></span> <span class='ocrx_word' id='word_1_268' title='bbox 799 3860 1060 3931; x_wconf 72' lang='lat' dir='ltr'><strong>particula</strong></span> <span class='ocrx_word' id='word_1_269' title='bbox 1098 3862 1188 3914; x_wconf 87' lang='lat' dir='ltr'><strong>sin</strong></span> <span class='ocrx_word' id='word_1_270' title='bbox 1230 3863 1408 3931; x_wconf 83' lang='lat' dir='ltr'><strong>requi-</strong></span> 
     </span>
     <span class='ocr_line' id='line_1_43' title="bbox 331 3929 1407 4000; baseline -0.007 -11"><span class='ocrx_word' id='word_1_271' title='bbox 331 3936 430 3997; x_wconf 85' lang='lat' dir='ltr'><strong>rit,</strong></span> <span class='ocrx_word' id='word_1_272' title='bbox 465 3944 526 3987; x_wconf 84' lang='lat' dir='ltr'><strong>ut</strong></span> <span class='ocrx_word' id='word_1_273' title='bbox 561 3933 619 3985; x_wconf 90' lang='lat' dir='ltr'><strong>in</strong></span> <span class='ocrx_word' id='word_1_274' title='bbox 655 3929 763 3984; x_wconf 73' lang='lat' dir='ltr'><strong>hac‘</strong></span> <span class='ocrx_word' id='word_1_275' title='bbox 784 3929 1041 3983; x_wconf 84' lang='lat' dir='ltr'><strong>orationis</strong></span> <span class='ocrx_word' id='word_1_276' title='bbox 1070 3940 1221 4000; x_wconf 83' lang='lat' dir='ltr'><strong>parte</strong></span> <span class='ocrx_word' id='word_1_277' title='bbox 1249 3947 1407 4000; x_wconf 87' lang='lat' dir='ltr'><strong>quae-</strong></span> 
     </span>
     <span class='ocr_line' id='line_1_44' title="bbox 334 3998 1405 4068; baseline -0.005 -12"><span class='ocrx_word' id='word_1_278' title='bbox 334 4003 458 4056; x_wconf 84' lang='lat' dir='ltr'><strong>dam</strong></span> <span class='ocrx_word' id='word_1_279' title='bbox 492 4001 743 4055; x_wconf 75' lang='lat' dir='ltr'><strong>‘dicamur</strong></span> <span class='ocrx_word' id='word_1_280' title='bbox 766 3998 1014 4068; x_wconf 83' lang='lat' dir='ltr'><strong>opposita</strong></span> <span class='ocrx_word' id='word_1_281' title='bbox 1039 4000 1405 4068; x_wconf 81' lang='lat' dir='ltr'><strong>praecedenti-</strong></span> 
     </span>
     <span class='ocr_line' id='line_1_45' title="bbox 329 4067 1406 4137; baseline -0.005 -14"><span class='ocrx_word' id='word_1_282' title='bbox 329 4071 452 4123; x_wconf 72' lang='lat' dir='ltr'><strong>Bus.</strong></span> <span class='ocrx_word' id='word_1_283' title='bbox 541 4071 621 4123; x_wconf 83' lang='lat' dir='ltr'><strong>lta</strong></span> <span class='ocrx_word' id='word_1_284' title='bbox 653 4068 872 4136; x_wconf 82' lang='lat' dir='ltr'><strong>demum</strong></span> <span class='ocrx_word' id='word_1_285' title='bbox 909 4067 1197 4137; x_wconf 83' lang='lat' dir='ltr'><strong>aequalitas</strong></span> <span class='ocrx_word' id='word_1_286' title='bbox 1236 4085 1406 4119; x_wconf 88' lang='lat' dir='ltr'><strong>mem-</strong></span> 
     </span>
     <span class='ocr_line' id='line_1_46' title="bbox 332 4134 1408 4207; baseline 0 -18"><span class='ocrx_word' id='word_1_287' title='bbox 332 4138 564 4191; x_wconf 83' lang='lat' dir='ltr'><strong>brorum</strong></span> <span class='ocrx_word' id='word_1_288' title='bbox 590 4146 862 4194; x_wconf 82' lang='lat' dir='ltr'><strong>servatur.</strong></span> <span class='ocrx_word' id='word_1_289' title='bbox 898 4154 1034 4207; x_wconf 87' lang='lat' dir='ltr'><strong>quae</strong></span> <span class='ocrx_word' id='word_1_290' title='bbox 1065 4137 1207 4206; x_wconf 87' lang='lat' dir='ltr'><strong>apud</strong></span> <span class='ocrx_word' id='word_1_291' title='bbox 1233 4134 1408 4192; x_wconf 88' lang='lat' dir='ltr'><strong>Ober-</strong></span> 
     </span>
     <span class='ocr_line' id='line_1_47' title="bbox 334 4203 1407 4266; baseline 0 -9"><span class='ocrx_word' id='word_1_292' title='bbox 334 4204 508 4266; x_wconf 80' lang='lat' dir='ltr'><strong>linum</strong></span> <span class='ocrx_word' id='word_1_293' title='bbox 534 4217 543 4232; x_wconf 88' lang='lat'><strong>·</strong></span> <span class='ocrx_word' id='word_1_294' title='bbox 565 4215 646 4258; x_wconf 84' lang='lat' dir='ltr'><strong>est</strong></span> <span class='ocrx_word' id='word_1_295' title='bbox 705 4204 879 4257; x_wconf 87' lang='lat' dir='ltr'><strong>nulla.</strong></span> <span class='ocrx_word' id='word_1_296' title='bbox 1000 4203 1076 4256; x_wconf 86' lang='lat' dir='ltr'><strong>Ex</strong></span> <span class='ocrx_word' id='word_1_297' title='bbox 1140 4204 1256 4257; x_wconf 90' lang='lat' dir='ltr'><strong>eius</strong></span> <span class='ocrx_word' id='word_1_298' title='bbox 1313 4223 1407 4257; x_wconf 86' lang='lat' dir='ltr'><strong>ra-</strong></span> 
     </span>
    </p>
   </div>
   <div class='ocr_carea' id='block_1_10' title="bbox 1298 2994 1410 3029">
    <p class='ocr_par' dir='ltr' id='par_1_10' title="bbox 1298 2994 1410 3029">
     <span class='ocr_line' id='line_1_48' title="bbox 1298 2994 1410 3029; baseline 0.018 -2"><span class='ocrx_word' id='word_1_299' title='bbox 1298 2994 1410 3029; x_wconf 73' lang='lat' dir='ltr'><strong>unc</strong></span> 
     </span>
    </p>
   </div>
   <div class='ocr_carea' id='block_1_11' title="bbox 329 4272 1418 4343">
    <p class='ocr_par' dir='ltr' id='par_1_11' title="bbox 329 4272 1418 4343">
     <span class='ocr_line' id='line_1_49' title="bbox 329 4272 1418 4343; baseline -0.002 -16"><span class='ocrx_word' id='word_1_300' title='bbox 329 4272 478 4330; x_wconf 80' lang='lat' dir='ltr'><strong>tione</strong></span> <span class='ocrx_word' id='word_1_301' title='bbox 539 4272 708 4330; x_wconf 86' lang='lat' dir='ltr'><strong>verba</strong></span> <span class='ocrx_word' id='word_1_302' title='bbox 767 4272 1073 4343; x_wconf 75' lang='lat' dir='ltr'><strong>procedunt</strong></span> <span class='ocrx_word' id='word_1_303' title='bbox 1141 4272 1222 4328; x_wconf 82' lang='lat' dir='ltr'><strong>sic</strong></span> <span class='ocrx_word' id='word_1_304' title='bbox 1246 4290 1265 4326; x_wconf 71' lang='lat' dir='ltr'><em>z</em></span> <span class='ocrx_word' id='word_1_305' title='bbox 1347 4273 1418 4328; x_wconf 80' lang='lat' dir='ltr'><strong>Si</strong></span> 
     </span>
    </p>
   </div>
   <div class='ocr_carea' id='block_1_12' title="bbox 1467 2911 1854 2965">
    <p class='ocr_par' dir='ltr' id='par_1_12' title="bbox 1467 2911 1854 2965">
     <span class='ocr_line' id='line_1_50' title="bbox 1467 2911 1854 2965; baseline -0.005 0"><span class='ocrx_word' id='word_1_306' title='bbox 1467 2939 1474 2953; x_wconf 78' lang='lat'>=</span> <span class='ocrx_word' id='word_1_307' title='bbox 1494 2911 1680 2965; x_wconf 90' lang='lat' dir='ltr'><strong>omnia</strong></span> <span class='ocrx_word' id='word_1_308' title='bbox 1715 2911 1854 2963; x_wconf 87' lang='lat' dir='ltr'><strong>bene</strong></span> 
     </span>
    </p>
   </div>
   <div class='ocr_carea' id='block_1_13' title="bbox 1475 2500 2582 3045">
    <p class='ocr_par' dir='ltr' id='par_1_13' title="bbox 1475 2500 2582 3045">
     <span class='ocr_line' id='line_1_51' title="bbox 1493 2500 2572 2570; baseline -0.001 -16"><span class='ocrx_word' id='word_1_309' title='bbox 1493 2518 1718 2562; x_wconf 83' lang='lat' dir='ltr'><strong>carcer,</strong></span> <span class='ocrx_word' id='word_1_310' title='bbox 1752 2517 1931 2570; x_wconf 83' lang='lat' dir='ltr'><strong>neque</strong></span> <span class='ocrx_word' id='word_1_311' title='bbox 1962 2504 2208 2569; x_wconf 80' lang='lat' dir='ltr'><strong>laqueus</strong></span> <span class='ocrx_word' id='word_1_312' title='bbox 2235 2533 2307 2545; x_wconf 86' lang='lat'><strong>--·</strong></span> <span class='ocrx_word' id='word_1_313' title='bbox 2340 2500 2572 2568; x_wconf 81' lang='lat' dir='ltr'><strong>suffece-</strong></span> 
     </span>
     <span class='ocr_line' id='line_1_52' title="bbox 1492 2568 2572 2638; baseline -0.001 -16"><span class='ocrx_word' id='word_1_314' title='bbox 1492 2570 1636 2623; x_wconf 82' lang='lat' dir='ltr'><strong>rint.</strong></span> <span class='ocrx_word' id='word_1_315' title='bbox 1708 2568 2056 2638; x_wconf 79' lang='lat' dir='ltr'><strong>Sinflagitia</strong></span> <span class='ocrx_word' id='word_1_316' title='bbox 2087 2576 2143 2620; x_wconf 85' lang='lat' dir='ltr'><strong>et</strong></span> <span class='ocrx_word' id='word_1_317' title='bbox 2162 2568 2219 2638; x_wconf 86' lang='lat' dir='ltr'><strong>f.</strong></span> <span class='ocrx_word' id='word_1_318' title='bbox 2247 2570 2373 2621; x_wconf 82' lang='lat' dir='ltr'><strong>sine</strong></span> <span class='ocrx_word' id='word_1_319' title='bbox 2400 2574 2572 2621; x_wconf 84' lang='lat' dir='ltr'><strong>modo</strong></span> 
     </span>
     <span class='ocr_line' id='line_1_53' title="bbox 1492 2638 2569 2719; baseline 0 -28"><span class='ocrx_word' id='word_1_320' title='bbox 1492 2648 1632 2691; x_wconf 82' lang='lat' dir='ltr'><strong>sunt</strong></span> <span class='ocrx_word' id='word_1_321' title='bbox 1648 2676 1665 2699; x_wconf 89' lang='lat'><strong>,</strong></span> <span class='ocrx_word' id='word_1_322' title='bbox 1745 2638 2033 2705; x_wconf 82' lang='lat' dir='ltr'><strong>suppliciis</strong></span> <span class='ocrx_word' id='word_1_323' title='bbox 2094 2669 2166 2682; x_wconf 90' lang='lat'><strong>--</strong></span> <span class='ocrx_word' id='word_1_324' title='bbox 2225 2645 2569 2719; x_wconf 77' lang='lat' dir='ltr'><strong>temperant.</strong></span> 
     </span>
     <span class='ocr_line' id='line_1_54' title="bbox 1475 2704 2573 2776; baseline 0 -18"><span class='ocrx_word' id='word_1_325' title='bbox 1475 2706 1655 2774; x_wconf 62' lang='lat' dir='ltr'><strong>‘Quae</strong></span> <span class='ocrx_word' id='word_1_326' title='bbox 1691 2709 1941 2759; x_wconf 87' lang='lat' dir='ltr'><strong>membra</strong></span> <span class='ocrx_word' id='word_1_327' title='bbox 1980 2704 2261 2776; x_wconf 90' lang='lat' dir='ltr'><strong>quomodo</strong></span> <span class='ocrx_word' id='word_1_328' title='bbox 2300 2706 2405 2759; x_wconf 69' lang='lat' dir='ltr'><strong>sibi</strong></span> <span class='ocrx_word' id='word_1_329' title='bbox 2436 2706 2573 2762; x_wconf 79' lang='lat' dir='ltr'><strong>invi-</strong></span> 
     </span>
     <span class='ocr_line' id='line_1_55' title="bbox 1495 2772 2582 2846; baseline -0.001 -17"><span class='ocrx_word' id='word_1_330' title='bbox 1495 2794 1615 2835; x_wconf 82' lang='lat' dir='ltr'><strong>cem</strong></span> <span class='ocrx_word' id='word_1_331' title='bbox 1642 2774 2026 2846; x_wconf 81' lang='lat' dir='ltr'><strong>respondeant,</strong></span> <span class='ocrx_word' id='word_1_332' title='bbox 2057 2789 2169 2826; x_wconf 86' lang='lat' dir='ltr'><strong>non</strong></span> <span class='ocrx_word' id='word_1_333' title='bbox 2200 2772 2375 2826; x_wconf 80' lang='lat' dir='ltr'><strong>video.</strong></span> <span class='ocrx_word' id='word_1_334' title='bbox 2429 2775 2582 2828; x_wconf 45' lang='lat' dir='ltr'><strong>Con-x</strong></span> 
     </span>
     <span class='ocr_line' id='line_1_56' title="bbox 1493 2841 2575 2915; baseline 0 -20"><span class='ocrx_word' id='word_1_335' title='bbox 1493 2852 1577 2902; x_wconf 78' lang='lat' dir='ltr'><strong>tra</strong></span> <span class='ocrx_word' id='word_1_336' title='bbox 1604 2843 1806 2915; x_wconf 73' lang='lat' dir='ltr'><strong>protasi</strong></span> <span class='ocrx_word' id='word_1_337' title='bbox 1833 2843 1891 2895; x_wconf 87' lang='lat' dir='ltr'><strong>in</strong></span> <span class='ocrx_word' id='word_1_338' title='bbox 1921 2842 2094 2897; x_wconf 87' lang='lat' dir='ltr'><strong>verbo</strong></span> <span class='ocrx_word' id='word_1_339' title='bbox 2116 2841 2389 2907; x_wconf 78' lang='lat' dir='ltr'><strong>differunt</strong></span> <span class='ocrx_word' id='word_1_340' title='bbox 2425 2842 2575 2896; x_wconf 75' lang='lat' dir='ltr'><strong>finita</strong></span> 
     </span>
     <span class='ocr_line' id='line_1_57' title="bbox 1931 2909 2575 2963; baseline 0.003 -2"><span class='ocrx_word' id='word_1_341' title='bbox 1931 2909 2221 2963; x_wconf 79' lang='lat' dir='ltr'><strong>recedunt.</strong></span> <span class='ocrx_word' id='word_1_342' title='bbox 2305 2910 2389 2963; x_wconf 85' lang='lat' dir='ltr'><strong>Ita</strong></span> <span class='ocrx_word' id='word_1_343' title='bbox 2426 2914 2575 2963; x_wconf 89' lang='lat' dir='ltr'><strong>enim</strong></span> 
     </span>
     <span class='ocr_line' id='line_1_58' title="bbox 1908 2977 2573 3045; baseline 0.006 -17"><span class='ocrx_word' id='word_1_344' title='bbox 1908 2981 1967 3028; x_wconf 79' lang='lat' dir='ltr'><strong>in</strong></span> <span class='ocrx_word' id='word_1_345' title='bbox 2010 2977 2085 3045; x_wconf 54' lang='lat'><strong>(¹¹³</strong></span> <span class='ocrx_word' id='word_1_346' title='bbox 2111 2998 2156 3030; x_wconf 87' lang='lat' dir='ltr'><strong>e.</strong></span> <span class='ocrx_word' id='word_1_347' title='bbox 2184 2978 2229 3030; x_wconf 90' lang='lat' dir='ltr'><strong>si</strong></span> <span class='ocrx_word' id='word_1_348' title='bbox 2257 2996 2372 3038; x_wconf 68' lang='lat' dir='ltr'><strong>uon</strong></span> <span class='ocrx_word' id='word_1_349' title='bbox 2400 2998 2573 3032; x_wconf 86' lang='lat' dir='ltr'><strong>unum</strong></span> 
     </span>
    </p>
   </div>
   <div class='ocr_carea' id='block_1_14' title="bbox 1492 2979 2576 3117">
    <p class='ocr_par' dir='ltr' id='par_1_14' title="bbox 1492 2979 2576 3117">
     <span class='ocr_line' id='line_1_59' title="bbox 1494 2979 1812 3040; baseline -0.003 -8"><span class='ocrx_word' id='word_1_350' title='bbox 1494 3000 1550 3032; x_wconf 89' lang='lat' dir='ltr'><strong>se</strong></span> <span class='ocrx_word' id='word_1_351' title='bbox 1588 2979 1812 3040; x_wconf 67' lang='lat' dir='ltr'><strong>habent:</strong></span> 
     </span>
     <span class='ocr_line' id='line_1_60' title="bbox 1492 3045 2576 3117; baseline -0.001 -18"><span class='ocrx_word' id='word_1_352' title='bbox 1492 3047 1629 3100; x_wconf 83' lang='lat' dir='ltr'><strong>illud</strong></span> <span class='ocrx_word' id='word_1_353' title='bbox 1659 3057 1992 3117; x_wconf 85' lang='lat' dir='ltr'><strong>spectamus,</strong></span> <span class='ocrx_word' id='word_1_354' title='bbox 2038 3046 2129 3099; x_wconf 86' lang='lat' dir='ltr'><strong>sed</strong></span> <span class='ocrx_word' id='word_1_355' title='bbox 2158 3046 2223 3114; x_wconf 88' lang='lat' dir='ltr'><strong>si)</strong></span> <span class='ocrx_word' id='word_1_356' title='bbox 2248 3045 2490 3113; x_wconf 76' lang='lat' dir='ltr'><strong>flagitia</strong></span> <span class='ocrx_word' id='word_1_357' title='bbox 2520 3054 2576 3099; x_wconf 81' lang='lat' dir='ltr'><strong>et</strong></span> 
     </span>
    </p>
   </div>
   <div class='ocr_carea' id='block_1_15' title="bbox 1478 3113 2666 3188">
    <p class='ocr_par' dir='ltr' id='par_1_15' title="bbox 1478 3113 2666 3188">
     <span class='ocr_line' id='line_1_61' title="bbox 1478 3113 2666 3188; baseline -0.001 -20"><span class='ocrx_word' id='word_1_358' title='bbox 1478 3116 1757 3185; x_wconf 81' lang='lat' dir='ltr'><strong>facinora</strong></span> <span class='ocrx_word' id='word_1_359' title='bbox 1790 3113 2055 3185; x_wconf 86' lang='lat' dir='ltr'><strong>(quidem)</strong></span> <span class='ocrx_word' id='word_1_360' title='bbox 2081 3113 2205 3166; x_wconf 84' lang='lat' dir='ltr'><strong>sine</strong></span> <span class='ocrx_word' id='word_1_361' title='bbox 2226 3120 2399 3167; x_wconf 80' lang='lat' dir='ltr'><strong>modo</strong></span> <span class='ocrx_word' id='word_1_362' title='bbox 2424 3124 2575 3175; x_wconf 80' lang='lat' dir='ltr'><strong>sunt,</strong></span> <span class='ocrx_word' id='word_1_363' title='bbox 2617 3135 2622 3154; x_wconf 48' lang='grc' dir='ltr'>ε</span> <span class='ocrx_word' id='word_1_364' title='bbox 2657 3175 2666 3188; x_wconf 24' lang='grc' dir='ltr'><strong><em>ἡ</em></strong></span> 
     </span>
    </p>
   </div>
   <div class='ocr_carea' id='block_1_16' title="bbox 1483 3184 2579 3934">
    <p class='ocr_par' dir='ltr' id='par_1_16' title="bbox 1483 3184 2579 3934">
     <span class='ocr_line' id='line_1_62' title="bbox 1491 3184 2576 3251; baseline 0.001 -17"><span class='ocrx_word' id='word_1_365' title='bbox 1491 3184 1777 3251; x_wconf 75' lang='lat' dir='ltr'><strong>suppliciis</strong></span> <span class='ocrx_word' id='word_1_366' title='bbox 1809 3184 1985 3251; x_wconf 87' lang='lat' dir='ltr'><strong>(vero)</strong></span> <span class='ocrx_word' id='word_1_367' title='bbox 2011 3192 2067 3234; x_wconf 79' lang='lat' dir='ltr'><strong>et</strong></span> <span class='ocrx_word' id='word_1_368' title='bbox 2090 3184 2365 3238; x_wconf 78' lang='lat' dir='ltr'><strong>remediis</strong></span> <span class='ocrx_word' id='word_1_369' title='bbox 2384 3201 2480 3250; x_wconf 82' lang='lat' dir='ltr'><strong>pr.</strong></span> <span class='ocrx_word' id='word_1_370' title='bbox 2505 3212 2576 3224; x_wconf 95' lang='lat'><strong>—-</strong></span> 
     </span>
     <span class='ocr_line' id='line_1_63' title="bbox 1494 3253 2579 3318; baseline 0.002 -14"><span class='ocrx_word' id='word_1_371' title='bbox 1494 3259 1848 3318; x_wconf 78' lang='lat' dir='ltr'><strong>temperant,</strong></span> <span class='ocrx_word' id='word_1_372' title='bbox 1888 3259 1942 3302; x_wconf 86' lang='lat' dir='ltr'><strong>et</strong></span> <span class='ocrx_word' id='word_1_373' title='bbox 1981 3268 2137 3302; x_wconf 83' lang='lat' dir='ltr'><strong>vana</strong></span> <span class='ocrx_word' id='word_1_374' title='bbox 2172 3279 2238 3292; x_wconf 92' lang='lat'>—</span> <span class='ocrx_word' id='word_1_375' title='bbox 2272 3253 2579 3318; x_wconf 72' lang='lat' dir='ltr'><strong>differunt-⁶</strong></span> 
     </span>
     <span class='ocr_line' id='line_1_64' title="bbox 1483 3318 2577 3392; baseline 0.002 -20"><span class='ocrx_word' id='word_1_376' title='bbox 1483 3321 1637 3387; x_wconf 68' lang='lat' dir='ltr'><strong>(tum</strong></span> <span class='ocrx_word' id='word_1_377' title='bbox 1677 3337 1922 3384; x_wconf 84' lang='lat' dir='ltr'><strong>carcere,</strong></span> <span class='ocrx_word' id='word_1_378' title='bbox 1959 3318 2147 3389; x_wconf 84' lang='lat' dir='ltr'><strong>laqueo</strong></span> <span class='ocrx_word' id='word_1_379' title='bbox 2179 3320 2577 3392; x_wconf 85' lang='lat' dir='ltr'><strong>servilibusque</strong></span> 
     </span>
     <span class='ocr_line' id='line_1_65' title="bbox 1496 3385 2575 3455; baseline 0.001 -13"><span class='ocrx_word' id='word_1_380' title='bbox 1496 3386 1838 3444; x_wconf 70' lang='lat' dir='ltr'><strong>cruciatibus,</strong></span> <span class='ocrx_word' id='word_1_381' title='bbox 1861 3385 2094 3455; x_wconf 86' lang='lat' dir='ltr'><strong>omissis)</strong></span> <span class='ocrx_word' id='word_1_382' title='bbox 2133 3396 2216 3439; x_wconf 83' lang='lat' dir='ltr'><strong>est</strong></span> <span class='ocrx_word' id='word_1_383' title='bbox 2252 3390 2413 3441; x_wconf 85' lang='lat' dir='ltr'><strong>Iocus</strong></span> <span class='ocrx_word' id='word_1_384' title='bbox 2445 3408 2575 3443; x_wconf 83' lang='lat' dir='ltr'><strong>sen-</strong></span> 
     </span>
     <span class='ocr_line' id='line_1_66' title="bbox 1492 3453 2572 3512; baseline 0.001 -4"><span class='ocrx_word' id='word_1_385' title='bbox 1492 3458 1705 3508; x_wconf 80' lang='lat' dir='ltr'><strong>tentiae</strong></span> <span class='ocrx_word' id='word_1_386' title='bbox 1735 3466 1841 3510; x_wconf 81' lang='lat' dir='ltr'><strong>etc.</strong></span> <span class='ocrx_word' id='word_1_387' title='bbox 1911 3453 2237 3508; x_wconf 83' lang='lat' dir='ltr'><strong>Germanice</strong></span> <span class='ocrx_word' id='word_1_388' title='bbox 2271 3459 2340 3510; x_wconf 87' lang='lat' dir='ltr'><strong>ad</strong></span> <span class='ocrx_word' id='word_1_389' title='bbox 2377 3459 2572 3512; x_wconf 85' lang='lat' dir='ltr'><strong>verbo·</strong></span> 
     </span>
     <span class='ocr_line' id='line_1_67' title="bbox 1491 3523 2577 3591; baseline -0.001 -15"><span class='ocrx_word' id='word_1_390' title='bbox 1491 3543 1618 3576; x_wconf 87' lang='lat' dir='ltr'><strong>rum</strong></span> <span class='ocrx_word' id='word_1_391' title='bbox 1645 3523 1896 3576; x_wconf 57' lang='lat' dir='ltr'><strong>sensum}</strong></span> <span class='ocrx_word' id='word_1_392' title='bbox 1943 3523 2137 3576; x_wconf 79' lang='lat' dir='ltr'><strong>Wnn</strong></span> <span class='ocrx_word' id='word_1_393' title='bbox 2162 3527 2296 3576; x_wconf 83' lang='lat' dir='ltr'><strong>aber</strong></span> <span class='ocrx_word' id='word_1_394' title='bbox 2320 3524 2417 3591; x_wconf 83' lang='lat' dir='ltr'><strong>(au</strong></span> <span class='ocrx_word' id='word_1_395' title='bbox 2470 3530 2577 3578; x_wconf 83' lang='lat' dir='ltr'><strong>der</strong></span> 
     </span>
     <span class='ocr_line' id='line_1_68' title="bbox 1494 3593 2575 3661; baseline 0.002 -17"><span class='ocrx_word' id='word_1_396' title='bbox 1494 3593 1655 3644; x_wconf 83' lang='lat' dir='ltr'><strong>einen</strong></span> <span class='ocrx_word' id='word_1_397' title='bbox 1688 3593 1864 3660; x_wconf 79' lang='lat' dir='ltr'><strong>Seite)</strong></span> <span class='ocrx_word' id='word_1_398' title='bbox 1898 3593 2133 3661; x_wconf 75' lang='lat' dir='ltr'><strong>Sohund</strong></span> <span class='ocrx_word' id='word_1_399' title='bbox 2147 3623 2173 3634; x_wconf 93' lang='lat'>-</span> <span class='ocrx_word' id='word_1_400' title='bbox 2213 3596 2337 3643; x_wconf 81' lang='lat' dir='ltr'><strong>und</strong></span> <span class='ocrx_word' id='word_1_401' title='bbox 2423 3595 2575 3654; x_wconf 79' lang='lat' dir='ltr'><strong>ebel-</strong></span> 
     </span>
     <span class='ocr_line' id='line_1_69' title="bbox 1494 3658 2572 3728; baseline 0.002 -16"><span class='ocrx_word' id='word_1_402' title='bbox 1494 3663 1692 3713; x_wconf 78' lang='lat' dir='ltr'><strong>thaten</strong></span> <span class='ocrx_word' id='word_1_403' title='bbox 1719 3660 1944 3728; x_wconf 58' lang='lat' dir='ltr'><strong>¹(zwur)</strong></span> <span class='ocrx_word' id='word_1_404' title='bbox 1995 3663 2137 3711; x_wconf 84' lang='lat' dir='ltr'><strong>alles</strong></span> <span class='ocrx_word' id='word_1_405' title='bbox 2180 3658 2350 3713; x_wconf 65' lang='lat' dir='ltr'><strong>Meas</strong></span> <span class='ocrx_word' id='word_1_406' title='bbox 2399 3664 2572 3714; x_wconf 69' lang='lat' dir='ltr'><strong>iiber-</strong></span> 
     </span>
     <span class='ocr_line' id='line_1_70' title="bbox 1494 3726 2579 3796; baseline 0 -15"><span class='ocrx_word' id='word_1_407' title='bbox 1494 3729 1787 3787; x_wconf 78' lang='lat' dir='ltr'><strong>schreiten‚</strong></span> <span class='ocrx_word' id='word_1_408' title='bbox 1822 3728 1884 3779; x_wconf 84' lang='lat' dir='ltr'><strong>in</strong></span> <span class='ocrx_word' id='word_1_409' title='bbox 1902 3726 2142 3796; x_wconf 80' lang='lat' dir='ltr'><strong>Strosen</strong></span> <span class='ocrx_word' id='word_1_410' title='bbox 2166 3733 2283 3779; x_wconf 84' lang='lat' dir='ltr'><strong>und</strong></span> <span class='ocrx_word' id='word_1_411' title='bbox 2296 3728 2579 3794; x_wconf 73' lang='lat' dir='ltr'><strong>Sebreck-</strong></span> 
     </span>
     <span class='ocr_line' id='line_1_71' title="bbox 1494 3796 2578 3861; baseline 0.001 -12"><span class='ocrx_word' id='word_1_412' title='bbox 1494 3799 1720 3849; x_wconf 81' lang='lat' dir='ltr'><strong>mitteln</strong></span> <span class='ocrx_word' id='word_1_413' title='bbox 1750 3798 1952 3861; x_wconf 82' lang='lat' dir='ltr'><strong>jedoch</strong></span> <span class='ocrx_word' id='word_1_414' title='bbox 1976 3798 2074 3847; x_wconf 82' lang='lat' dir='ltr'><strong>des</strong></span> <span class='ocrx_word' id='word_1_415' title='bbox 2094 3796 2340 3851; x_wconf 70' lang='lat' dir='ltr'><strong>FiIrsten</strong></span> <span class='ocrx_word' id='word_1_416' title='bbox 2371 3799 2578 3851; x_wconf 81' lang='lat' dir='ltr'><strong>Gnade</strong></span> 
     </span>
     <span class='ocr_line' id='line_1_72' title="bbox 1495 3864 2575 3934; baseline 0.004 -18"><span class='ocrx_word' id='word_1_417' title='bbox 1495 3871 1617 3916; x_wconf 82' lang='lat' dir='ltr'><strong>und</strong></span> <span class='ocrx_word' id='word_1_418' title='bbox 1640 3870 1743 3916; x_wconf 84' lang='lat' dir='ltr'><strong>der</strong></span> <span class='ocrx_word' id='word_1_419' title='bbox 1766 3866 1827 3916; x_wconf 89' lang='lat' dir='ltr'><em>V</em></span> <span class='ocrx_word' id='word_1_420' title='bbox 1821 3864 2091 3933; x_wconf 75' lang='lat' dir='ltr'><strong>orfahren</strong></span> <span class='ocrx_word' id='word_1_421' title='bbox 2118 3868 2236 3922; x_wconf 75' lang='lat' dir='ltr'><strong>und</strong></span> <span class='ocrx_word' id='word_1_422' title='bbox 2263 3883 2397 3918; x_wconf 81' lang='lat' dir='ltr'><strong>cuer</strong></span> <span class='ocrx_word' id='word_1_423' title='bbox 2426 3872 2575 3934; x_wconf 79' lang='lat' dir='ltr'><strong>eige-</strong></span> 
     </span>
    </p>
   </div>
   <div class='ocr_carea' id='block_1_17' title="bbox 1463 3930 2578 3998">
    <p class='ocr_par' dir='ltr' id='par_1_17' title="bbox 1463 3930 2578 3998">
     <span class='ocr_line' id='line_1_73' title="bbox 1463 3930 2578 3998; baseline 0.003 -13"><span class='ocrx_word' id='word_1_424' title='bbox 1463 3937 1466 3940; x_wconf 82' lang='lat'>&#39;</span> <span class='ocrx_word' id='word_1_425' title='bbox 1491 3951 1592 3986; x_wconf 81' lang='lat' dir='ltr'><strong>nes</strong></span> <span class='ocrx_word' id='word_1_426' title='bbox 1616 3934 1866 3998; x_wconf 71' lang='lat' dir='ltr'><strong>Beispiel</strong></span> <span class='ocrx_word' id='word_1_427' title='bbox 1890 3935 1994 3984; x_wconf 82' lang='lat' dir='ltr'><strong>mit</strong></span> <span class='ocrx_word' id='word_1_428' title='bbox 2014 3930 2237 3997; x_wconf 69' lang='lat' dir='ltr'><strong>Mossen</strong></span> <span class='ocrx_word' id='word_1_429' title='bbox 2260 3953 2333 3985; x_wconf 80' lang='lat' dir='ltr'><strong>zu</strong></span> <span class='ocrx_word' id='word_1_430' title='bbox 2360 3934 2578 3995; x_wconf 73' lang='lat' dir='ltr'><strong>erte</strong></span> 
     </span>
    </p>
   </div>
   <div class='ocr_carea' id='block_1_18' title="bbox 1471 4001 2582 4338">
    <p class='ocr_par' dir='ltr' id='par_1_18' title="bbox 1490 4001 2579 4069">
     <span class='ocr_line' id='line_1_74' title="bbox 1490 4001 2579 4069; baseline 0.004 -16"><span class='ocrx_word' id='word_1_431' title='bbox 1490 4004 1651 4069; x_wconf 80' lang='lat' dir='ltr'><strong>geht,</strong></span> <span class='ocrx_word' id='word_1_432' title='bbox 1710 4004 1828 4052; x_wconf 83' lang='lat' dir='ltr'><strong>und</strong></span> <span class='ocrx_word' id='word_1_433' title='bbox 1862 4001 2130 4053; x_wconf 78' lang='lat' dir='ltr'><strong>Thorhcit</strong></span> <span class='ocrx_word' id='word_1_434' title='bbox 2169 4018 2286 4056; x_wconf 81' lang='lat' dir='ltr'><strong>von</strong></span> <span class='ocrx_word' id='word_1_435' title='bbox 2319 4004 2579 4060; x_wconf 79' lang='lat' dir='ltr'><strong>Ver-bre-</strong></span> 
     </span>
    </p>

    <p class='ocr_par' dir='ltr' id='par_1_19' title="bbox 1492 4069 2580 4134">
     <span class='ocr_line' id='line_1_75' title="bbox 1492 4069 2580 4134; baseline 0.005 -13"><span class='ocrx_word' id='word_1_436' title='bbox 1492 4074 1657 4134; x_wconf 79' lang='lat' dir='ltr'><strong>chen,</strong></span> <span class='ocrx_word' id='word_1_437' title='bbox 1720 4069 1926 4122; x_wconf 81' lang='lat' dir='ltr'><strong>Worte</strong></span> <span class='ocrx_word' id='word_1_438' title='bbox 1974 4087 2086 4120; x_wconf 87' lang='lat' dir='ltr'><strong>von</strong></span> <span class='ocrx_word' id='word_1_439' title='bbox 2135 4070 2308 4124; x_wconf 75' lang='lat' dir='ltr'><strong>bb&#39;sen</strong></span> <span class='ocrx_word' id='word_1_440' title='bbox 2352 4072 2580 4126; x_wconf 69' lang='lat' dir='ltr'><strong>Thalen</strong></span> 
     </span>
    </p>

    <p class='ocr_par' dir='ltr' id='par_1_20' title="bbox 1471 4138 2582 4200">
     <span class='ocr_line' id='line_1_76' title="bbox 1471 4138 2582 4200; baseline 0.001 -5"><span class='ocrx_word' id='word_1_441' title='bbox 1471 4140 1614 4196; x_wconf 76' lang='grc' dir='ltr'><strong>,είοΙι</strong></span> <span class='ocrx_word' id='word_1_442' title='bbox 1643 4138 2058 4191; x_wconf 75' lang='lat' dir='ltr'><strong>unterscheiden</strong></span> <span class='ocrx_word' id='word_1_443' title='bbox 2067 4157 2088 4200; x_wconf 80' lang='lat'><strong>,-</strong></span> <span class='ocrx_word' id='word_1_444' title='bbox 2119 4153 2183 4189; x_wconf 86' lang='lat' dir='ltr'><strong>so</strong></span> <span class='ocrx_word' id='word_1_445' title='bbox 2203 4138 2370 4191; x_wconf 80' lang='lat' dir='ltr'><strong>bleibt</strong></span> <span class='ocrx_word' id='word_1_446' title='bbox 2379 4141 2582 4195; x_wconf 68' lang='lat' dir='ltr'><strong>Rau&#39;m</strong></span> 
     </span>
    </p>

    <p class='ocr_par' dir='ltr' id='par_1_21' title="bbox 1483 4206 2508 4338">
     <span class='ocr_line' id='line_1_77' title="bbox 1483 4206 2508 4279; baseline -0.002 -20"><span class='ocrx_word' id='word_1_447' title='bbox 1483 4210 1596 4279; x_wconf 77' lang='lat' dir='ltr'><strong>filt-</strong></span> <span class='ocrx_word' id='word_1_448' title='bbox 1625 4208 1715 4260; x_wconf 78' lang='lat' dir='ltr'><strong>ein</strong></span> <span class='ocrx_word' id='word_1_449' title='bbox 1743 4206 1973 4261; x_wconf 81' lang='lat' dir='ltr'><strong>Urtheil</strong></span> <span class='ocrx_word' id='word_1_450' title='bbox 2004 4215 2107 4260; x_wconf 77' lang='lat' dir='ltr'><strong>etc.</strong></span> <span class='ocrx_word' id='word_1_451' title='bbox 2501 4231 2508 4236; x_wconf 22' lang='lat' dir='ltr'><em>x</em></span> 
     </span>
     <span class='ocr_line' id='line_1_78' title="bbox 1572 4263 2138 4338; baseline -0.009 -9"><span class='ocrx_word' id='word_1_452' title='bbox 1572 4263 1791 4329; x_wconf 81' lang='lat' dir='ltr'><strong>audivi.</strong></span> <span class='ocrx_word' id='word_1_453' title='bbox 1863 4273 1939 4328; x_wconf 78' lang='lat' dir='ltr'><strong>cf.</strong></span> <span class='ocrx_word' id='word_1_454' title='bbox 1975 4273 2028 4338; x_wconf 77' lang='lat'><strong>2,</strong></span> <span class='ocrx_word' id='word_1_455' title='bbox 2050 4270 2138 4328; x_wconf 79' lang='lat'><strong>81.</strong></span> 
     </span>
    </p>
   </div>
  </div>
 </body>
</html>
