2794 5085
196 3037 201 3048 ’
276 3035 453 3087 neque
487 3018 543 3074 in
568 3038 663 3073 re.-

280 262 426 361 '118

978 251 987 267 '
1045 240 1697 358 -AN'mLmM

2136 277 2197 323 A.
2215 277 2281 323 U.
2300 276 2401 321 759.

2137 329 2201 374 A.
2225 327 2281 376 C.
2332 330 2405 376 16.

278 444 559 533 ignotae
599 435 885 513 Parthis
932 441 1268 525 virtutes,
1344 427 1533 510 nova
1576 414 1805 525 vitias
1829 442 1834 449 ’
1856 454 1928 539 et
1971 440 2140 532 quia
2189 440 2509 532 ipsorum

276 544 666 614 maioribus
697 544 961 628 aliena,
1008 544 1306 635 perinde
1330 544 1578 611 odium
1604 532 1841 635 pravis
1867 556 1937 611 et
1967 536 2306 615 honestiS.

479 673 612 747 III.
702 673 928 765 Igitur
987 669 1394 745 Artabanus
1466 670 1972 744 ‘Arsacidamm
2044 698 2082 743 e
2149 674 2524 764 sanguine,-

276 779 466 869 ‘apud
503 772 743 846 Dahas
786 777 1069 846 adultus
1089 831 1110 861 ‚
1178 777 1482 860 excitur,
1541 778 1916 869 primoque
1964 799 2343 866 congressu
2395 779 2513 845 fu-

188 928 193 931 =
277 903 394 948 sus
418 893 704 970 reparat
744 879 930 947 vires
968 901 1328 972 regnoque
1372 878 1662 968 potitur.

1768 866 1980 947 Victo
2014 877 2313 947 Vononi
2348 902 2517 970 per-

275 981 553 1070 fugium
592 976 936 1050 Armenia
979 980 1150 1065 fuit,
1225 1004 1448 1048 vacua
1506 993 1678 1049 tunc
1717 978 2044 1073 interque
2080 975 2516 1048 Parthorum

278 1095 348 1151 et
372 1080 738 1155 Romanas
776 1106 943 1173 opes
986 1082 1206 1150 infida
1240 1083 1334 1150 ob
1370 1082 1598 1150 scelus
1626 1076 1969 1166 Antonii,
2022 1081 2147 1175 qui
2173 1074 2517 1150 Artavas-
2593 1168 2600 1172 .

242 1234 245 1237 «
277 1186 421 1256 den
445 1196 683 1274 regem
708 1177 1220 1257 Armeniorum
1268 1183 1496 1276 specie
1534 1182 1883 1255 amicitiae
1913 1182 2294 1269 inlectam,
2341 1183 2519 1252 dein
2563 1260 2570 1273 ,

314 1445 575 1511 „ignotae
609 1445 842 1500 Parthis
881 1448 1144 1506 virtutes,
1201 1462 1351 1497 nova

273 1514 434 1566 vitia.
530 1514 813 1575 W'rtutes‚
869 1526 930 1568 ut
976 1513 1349 1586 promptitudo

274 1578 333 1634 in
361 1581 507 1634 aditu
532 1583 842 1652 praebendo
858 1621 873 1643 ,
912 1583 1138 1636 comitas
1162 1583 1221 1634 in
1246 1583 1350 1634 ob·-

274 1649 422 1715 vios3
456 1650 678 1702 Parthis
715 1653 942 1718 ignotae
978 1671 1056 1704 sc.
1107 1651 1163 1703 in
1202 1649 1349 1719 regi·-

271 1718 376 1771 bus
402 1728 454 1769 et
478 1729 764 1801 propterea
780 1719 986 1772 nullius
1010 1717 1202 1790 pretii3
1229 1737 1352 1770 ma-

271 1786 455 1840 iestate
494 1792 638 1858 rfegia
676 1784 1143 1860 indignasffmtius
1183 1787 1349 1840 habe-

272 1855 408 1908 bant
433 1854 581 1921 (infr.
610 1856 692 1921 15,
728 1858 815 1911 21.

270 1924 669 1976 virtutesodio
698 1930 872 1993 sunt).
949 1926 1012 1977 V
1005 1927 1106 1977 itia
1141 1936 1349 1987 contra,

312 2011 411 2045 uae
438 2013 499 2045 ex
524 1993 659 2045 urbe
683 1995 957 2055 attulerat,
992 2005 1194 2064 quanto
1209 1993 1348 2045 Par·-

274 2070 295 2113 t
334 2060 376 2112 is
414 2080 586 2121 nova,
611 2106 614 2110 Α
639 2073 788 2115 tanto
820 2075 987 2116 -erant
1025 2062 1349 2114 intolerabi-

240 2162 241 2165 =
272 2129 433 2193 liora.
473 2189 478 2194 ,
510 2129 623 2181 Alii
668 2131 881 2201 ignotas
918 2131 1128 2184 Parthis
1175 2132 1349 2183 virtu-

273 2207 352 2250 tes
392 2217 532 2249 nova
568 2199 694 2251 vitia
733 2199 841 2265 dici
879 2218 996 2252 non
1039 2199 1163 2253 satis
1204 2209 1352 2253 recte

273 2274 485 2338 pntant·
970 2288 975 2295 ⁶

338 2337 586 2399 ipsorum
640 2337 974 2389 maioribus.
1079 2334 1174 2388 Sic
1222 2335 1348 2387 cod.

272 2402 394 2455 MS.
423 2391 541 2454 edd.
564 2402 819 2457 Beroald.
857 2405 1032 2456 Rhen.
1061 2402 1186 2456 Ald.
1206 2421 1350 2472 -pro-

271 2471 523 2540 bavitque
554 2470 809 2541 Pichena.
879 2474 1158 2532 Muretus,
1194 2468 1355 2542 Lips„

273 2537 548 2601 Freinsh„
596 2538 817 2600 Heius..¹
857 2538 1103 2594 GronOV.
1152 2550 1208 2594 et
1236 2540 1350 2592 're-

273 2607 544 2660 centiores
584 2628 774 2661 onmes
812 2608 1147 2679 praeferunt
1167 2610 1350 2660 mori-

173 2708 181 2724 .
211 2683 217 2694 ‘
275 2678 389 2738 bus,
415 2694 550 2748 quae
582 2677 920 2756 emendatio,
957 2691 988 2729 a
1008 2679 1352 2747 Berneggero

274 2743 334 2798 in
385 2753 587 2796 textum
638 2756 882 2815 recepta,
951 2745 1250 2816 elegantior
1301 2755 1358 2797 et

256 2812 462 2863 .Tacito
493 2812 708 2882 dignior
722 2832 838 2866 esse
857 2815 1073 2867 dicitur.
1126 2813 1354 2867 Utinam

275 2880 630 2945 addidissent,
667 2882 760 2934 ubi
791 2884 857 2935 sit
890 2882 1188 2953 elegantius
1215 2881 1355 2936 illud

230 2959 251 2976 ⁸
276 2958 332 3005 et
360 2947 593 3017 dignius.
664 2949 853 3004 Neue
889 2952 948 3003 in
987 2950 1165 3003 verbis
1196 2950 1355 3001 video

792 3020 958 3083 ambi,
1012 3031 1072 3071 ut
1111 3018 1356 3071 Orientis

277 3098 461 3154 gentes
503 3085 710 3151 solent,
778 3090 843 3141 in
889 3090 1144 3142 omnibus
1191 3087 1356 3140 rebus

181 3216 185 3220 1
277 3154 545 3208 obstinate
579 3156 887 3211 retinebant
915 3157 1118 3227 patrios
1147 3173 1357 3219 mores3

275 3224 576 3278 maioribus
613 3223 811 3289 aliena,
836 3228 954 3279 »sive
985 3225 1209 3277 virtutes
1248 3225 1357 3277 sive

277 3292 457 3356 vitia„
504 3296 949 3363 aspernabantur.
1066 3293 1251 3359 Quare
1306 3301 1360 3344 et

276 3371 462 3427 regem
492 3381 530 3412 a
557 3362 843 3415 maiorum
871 3364 1138 3414 institutis
1163 3361 1356 3415 diver-

277 3446 404 3482 sum
430 3428 876 3498 dedignabantur.
943 3430 1087 3485 Hinc
1110 3430 1227 3482 sine
1250 3429 1355 3481 du·-

279 3497 372 3552 bio
397 3495 729 3550 Parthorum
765 3498 1010 3552 moribus
1050 3499 1224 3564 aliena
1265 3517 1355 3549 ea·-

281 3566 408 3617 dem
435 3575 561 3617 sunt
585 3564 758 3619 aliena
783 3563 1080 3619 maioribus
1095 3568 1359 3637 ipsorum.

280 3632 409 3686 Non
444 3632 770 3704 igitursatis
808 3635 1008 3688 idonea
1047 3644 1159 3687 erat
1200 3651 1359 3687 causa

281 3702 549 3757 mutandi.
621 3703 925 3756 Maioribus
957 3703 1164 3758 restitui
1195 3702 1358 3755 etiarn

283 3769 612 3840 Kiesslingio
640 3771 860 3841 placuit.
888 3819 895 3828 ,
942 3793 947 3794 ⁷
1074 3837 1081 3842 θ
1330 3773 1333 3776 ’

352 3854 485 3908 ΟΑΡ.
514 3854 564 3907 3.
635 3857 821 3923 Igitur
843 3856 1193 3909 Artabanus.
1258 3854 1358 3907 Se-

282 3923 494 3978 cundus
521 3942 780 3984 numero,
818 3943 881 3975 ex
902 3943 1022 3994 quo
1055 3924 1223 3978 altera
1249 3924 1358 3976 Ar-

283 3991 587 4046 sacidarum
619 3994 785 4046 series
814 3995 1009 4063 coepit.
1062 3990 1362 4063 cf.Ioseph.

284 4061 367 4123 18,
389 4059 424 4113 3
455 4067 499 4112 s‘
564 4098 578 4113 .
650 4060 751 4112 Ed.
787 4059 1042 4114 Beroald.
1064 4064 1359 4114 Arthaba-

281 4145 409 4182 nus.
483 4079 620 4182 gfdd.
663 4128 909 4183 Rhenan.
952 4147 1070 4201 sqq.
1107 4130 1361 4183 Artaba-

284 4213 411 4249 nus.
812 4247 815 4254 .

286 4323 297 4334 ,
327 4305 333 4308 1
352 4264 764 4320 Arsacidarum
808 4285 841 4320 ι
875 4267 1160 4337 sanguine.
1255 4264 1363 4321 Di-

847 1856 1148 1927 Quaedam
1175 1859 1359 1909 immo¹

1435 1458 1623 1509 versus
1647 1452 1832 1496 tamen
1858 1462 1889 1496 a
1915 1432 2160 1496 Phraatis
2186 1443 2373 1509 domo.
2442 1442 2519 1499 cf.

1433 1512 1570 1566 infr.
1603 1512 1653 1576 6,
1686 1512 1775 1565 42.
1810 1514 1981 1564 simul
2006 1514 2223 1578 probra
2246 1515 2307 1565 in
2335 1515 2518 1566 Arta-

1436 1583 1648 1634 bunum
1658 1581 1999 1650 suadebant,
2027 1588 2295 1634 materna
2308 1584 2519 1649 origine

1437 1651 1750 1703 Arsaciden
1764 1691 1780 1715 ,
1814 1658 2004 1702 cetera
2027 1653 2387 1717 degenerem.

1508 1735 1661 1801 apud
1697 1731 1925 1786 Dahas.
2025 1732 2098 1787 cf.
2142 1733 2272 1787 infr.
2308 1736 2393 1794 11,
2434 1736 2518 1789 10.

1436 1796 1668 1940 {tinslfc
1689 1799 1866 1922 ἔξω.
1919 1798 2066 1856 Ptin.
2093 1803 2146 1862 6,
2171 1805 2254 1859 17.
2316 1803 2523 1899 Strabo
2569 1828 2574 1833 ·

1439 1954 1789 2062 33regnoque
1815 1942 2058 2007 potitur.
2122 1938 2196 1996 ef.
2233 1951 2350 1996 not.
2380 1941 2447 1995 ad
2470 1941 2519 2006 1,

1508 2045 1578 2126 ab
1611 2077 1793 2128 scelus
1828 2076 2084 2131 Antonii.
2171 2072 2241 2131 cf.
2283 2077 2395 2132 Dio
2433 2074 2522 2139 49,

1388 2198 1394 2206 ,
1438 2144 1506 2196 25
1544 2162 1660 2214 sqq.
1732 2142 1875 2196 Vell.
1912 2147 1963 2209 2,
1992 2146 2077 2198 82.
2146 2146 2423 2200 Plutarch.
2462 2148 2523 2200 in

1438 2215 1644 2267 Anton.
1683 2230 1736 2282 p.
1771 2212 1892 2266 939.
1964 2214 2160 2268 Strabo
2193 2219 2284 2279 11,
2321 2235 2375 2287 p.
2402 2216 2522 2270 524.

1439 2282 1559 2334 530.
1630 2281 1744 2334 Liv.
1771 2282 1898 2351 epit.
1930 2281 2047 2335 131.
2106 2284 2427 2337 Artavasdes
2454 2285 2523 2337 ΙΙ.

1440 2348 1690 2416 (Graecis
1729 2352 2050 2402 Artabazes
2077 2352 2252 2420 audit)
2291 2353 2523 2406 Antonii

1437 2418 1676 2499 legatum
1697 2416 1943 2488 Oppium
1972 2419 2293 2482 Statianum,
2334 2421 2519 2474 aPar-
2598 2445 2609 2451 ·

1438 2486 1543 2538 tlns
1580 2505 1612 2538 o
1690 2499 1930 2550 ressum‚
1977 2486 2526 2544 auxiliossdestituerat
2554 2520 2564 2529 ·

1438 2555 1573 2622 (Dio
1611 2503 1697 2617 ΞΕ,
1731 2555 1818 2608 25.
1859 2555 1995 2624 fin.).
2068 2557 2204 2609 Eam
2239 2558 2525 2628 perfidiam

1438 2625 1722 2678 Antonius
1772 2635 1833 2678 ut
1880 2623 2267 2689 ulcisceretur,
2332 2636 2527 2698 aptum

1439 2704 1654 2764 tempus
1679 2711 1764 2743 exs
1808 2693 2258 2765 eetabat,‘pressa
2282 2697 2526 2764 primum

1438 2763 1517 2816 ira
1545 2772 1597 2812 et
1621 2760 1752 2813 blan
1794 2760 2008 2812 imentis
2039 2761 2094 2813 in
2115 2781 2298 2832 regem
2320 2783 2522 2826 cumu-

1442 2830 1589 2892 latis,
1626 2828 1889 2899 quonia‘m
1930 2829 1986 2880 in
2014 2828 2277 2882 Armenia
2311 2832 2520 2885 hiema-

1440 2900 1531 2951 bat
1582 2897 1928 2968 pecuniaque
1971 2908 2023 2948 et
2063 2897 2330 2954 alimentis
2379 2902 2522 2955 indi-

1442 2967 1600 3038 gebat
1638 2964 1769 3032 (Dio
1812 2966 1900 3029 49,
1932 2964 2095 3033 31.).=
2134 2964 2525 3023 Alexandriam

1441 3053 1689 3091 reversus
1741 3041 1793 3084 et
1845 3033 2065 3098 foedere
2118 3054 2244 3088 cum
2299 3037 2525 3090 Mediae

1440 3105 1568 3173 rege
1607 3110 1798 3156 contra
1833 3102 2157 3172 Armenium
2204 3102 2347 3157 elam
2377 3107 2523 3159 inito
2562 3130 2568 3134 ·

1442 3171 1716 3225 Antonius
1758 3169 1906 3223 hunc
1955 3171 2125 3223 amice
2174 3175 2420 3227 evocavit
2465 3174 2522 3226 in

1442 3242 1786 3311 Aegyptum,
1821 3249 1882 3291 ut
1919 3239 2035 3292 sine
2074 3240 2260 3292 labore
2301 3241 2521 3295 occide-

1445 3319 1615 3361 retur.
1684 3307 1782 3362 llle
1818 3318 2001 3364 tamen
2031 3305 2158 3362 mali
2186 3309 2314 3377 quid
2344 3330 2433 3366 sus
2474 3310 2522 3362 i-

1446 3387 1599 3432 catus
1664 3393 1803 3427 non
1831 3375 2010 3448 paruit
2062 3376 2203 3441 (Dio
2249 3378 2346 3442 49,
2386 3379 2419 3430 3
2458 3382 2525 3461 ·.)·

1442 3441 1662 3498 Deinde
1694 3462 1865 3513 quum
1891 3443 2201 3505 Antonius,
2247 3456 2311 3500 ut
2344 3466 2522 3529 suspi-

1399 3555 1403 3560 .
1446 3513 1663 3567 cionem
1701 3511 1816 3582 regi
1854 3513 2135 3575 eximeret,
2192 3513 2363 3573 filiam
2411 3536 2524 3578 ems

1443 3582 1499 3637 in
1526 3578 1936 3635 matrimonium
1959 3580 2073 3639 filio
2101 3601 2199 3638 suo
2218 3582 2525 3638 Alexandro

1445 3658 1721 3720 posceret,
1768 3647 2087 3720 Nicopolim
2115 3650 2362 3724 Pompeii
2393 3673 2523 3725 pro-

1443 3721 1619 3772 fectus
1648 3716 1705 3769 id
1730 3717 1950 3771 tandem
1977 3716 2313 3786 impetravit,
2351 3735 2414 3775 ut
2435 3741 2527 3773 rex

1445 3788 1505 3841 in
1544 3797 1715 3838 castra
1752 3784 1970 3837 veniret.
2041 3786 2123 3838 Ibi
2152 3797 2371 3843 catenae
2401 3789 2528 3844 huic

1445 3854 1674 3910 iniectae
1720 3854 1851 3921 (Dio
1891 3852 1988 3917 49,
2023 3853 2143 3923 39.)-

1447 4010 1544 4043 vos
1602 3989 1939 4063 triumphum
2002 3991 2232 4060 Antonii
2293 3994 2527 4054 ornavit,

1449 4078 1613 4131 quem
1646 4058 1737 4114 hie
1776 4060 2007 4118 ducebat
2039 4060 2433 4116 Alexandriae:
2476 4071 2528 4116 et

1487 4126 1713 4181 uoniam
1753 4147 1818 4181 eo
1843 4126 2055 4181 adduci
2096 4129 2422 4200 nequibant,
2471 4139 2527 4183 ut

1450 4148 1771 4268 aleopatrae
1789 4195 2062 4279 supplices
2080 4216 2136 4249 se
2161 4198 2525 4262 ostenderent,

1453 4265 1640 4319 durius
1669 4275 1884 4319 tractati
1902 4275 2039 4318 ‘sunt
2072 4266 2204 4332 (Dio
2226 4265 2312 4333 49,
2338 4269 2461 4337 40.).

2239 3855 2527 3913 Postremo
2598 3895 2601 3906 .

1448 3942 1577 3977 cum
1605 3923 1838 3993 coniuge
1866 3933 1920 3976 et
1960 3921 2143 3976 liberis
2173 3923 2323 3977 inter
2339 3925 2523 3997 ‘capti-
2605 3939 2612 3944 “
