2794 5085
400 344 590 399 xmv
786 376 789 381 -
1024 372 1029 377 -
1120 312 1857 445 PRAEFATIO.

605 474 714 545 De
755 475 915 544 aliis
956 475 1106 543 eius
1153 473 1446 562 generis
1477 454 1879 557 codicibus,
1948 474 2208 566 quibus
2258 476 2348 542 in*
2381 496 2620 545 recen-

404 578 641 648 sennlis
668 577 1068 675 minoribus
1095 572 1324 645 Taciti
1361 575 1568 643 libris
1597 598 1774 655 usus
1799 600 1989 660 sum,
2056 600 2184 646 suo
2228 578 2383 646 loco
2434 578 2621 647 dice-

401 697 540 753 tur.

606 779 668 874 ἓ.
702 777 826 851 42.
877 776 1159 862 Restat,
1212 793 1293 848 ut
1323 800 1539 871 quam
1563 779 1906 849 maximas
1938 781 2194 870 gratias
2221 764 2430 870 agam'
2450 780 2621 848 viris

400 881 1019 977 praestantissimis
1051 894 1259 974 atque
1288 882 1774 966 amicissimiS,
1820 883 1946 975 qui
1977 881 2204 973 rogati
2230 881 2344 951 vel
2377 897 2623 974 sponte

400 988 754 1056 librorum
786 984 1104 1053 subsidio
1136 1007 1289 1051 rem
1315 1007 1550 1052 meam
1586 984 2032 1058 adiuvat-unt.

605 1087 686 1159 Si
700 1088 893 1206 ..quid
923 1110 1135 1178 opera
1169 1110 1326 1154 mea
1355 1087 1702 1177 profuerit
1723 1080 2007 1177 egregio
2053 1085 2419 1178 scriptori,
2486 1082 2624 1157 hu·-

338 1199 343 1205 “
401 1192 511 1260 ius
542 1190 780 1259 meriti
813 1190 1097 1258 laudem
1130 1184 1459 1258 lubenter
1494 1190 2033 1259 communicabo
2067 1204 2240 1259 cum
2260 1189 2391 1274 iis,
2442 1215 2628 1307 quo-

390 1310 561 1364 rum
605 1292 940 1361 facilitate
985 1291 1063 1359 in
1085 1291 1647 1408 suppeditandis
1694 1293 1976 1361 auxiliis
2012 1293 2278 1361 factum
2337 1306 2476 1376 est,
2544 1282 2627 1361 u't‘

399 1398 629 1464 fontes
662 1395 933 1465 adirem
960 1393 1264 1462 rariores
1291 1406 1359 1462 et
1390 1393 1670 1478 omnia,
1723 1402 1903 1487 qu‘ae
1928 1394 2093 1464 usui
2124 1396 2398 1480 forent,
2429 1418 2626 1463 com-

402 1522 745 1590 pararem.
840 1494 1234 1614 Praecipua
1273 1520 1437 1563 cum
1467 1496 1677 1564 laude
1707 1499 2166 1567 memoranda
2194 1512 2360 1567 sunt
2394 1498 2627 1566 officia

395 1597 580 1669 mihi
604 1598 932 1691 praestita
966 1622 1007 1666 a
1032 1598 1208 1665 viris
1241 1593 1817 1695 humanissimiS,
1872 1624 2177 1693 quorum
2224 1599 2625 1690 sumptibus

396 1699 568 1779 haec
599 1701 834 1771 Taciti
864 1700 1080 1770 editio
1110 1714 1350 1793 parata
1389 1713 1510 1772 est.
1612 1697 1721 1769 Ea
1748 1702 1941 1770 enim
1973 1701 2379 1791 diligentia,
2449 1725 2630 1792 pru--⁸

395 1805 636 1901 dentia
685 1817 752 1872 et
798 1803 1070 1921 integro
1123 1802 1355 1871 studio
1402 1824 1516 1870 res
1548 1800 1814 1872 Taciti
1832 1806 2090 1874 nostri
2102 1818 2470 1874 curarunt·
2487 1805 2626 1888 illi,

394 1922 474 1978 ut
502 1930 651 1975 non
680 1906 944 1997 possim
975 1929 1121 1973 non
1155 1918 1349 1993 grato
1399 1903 1638 1973 animo
1686 1906 2036 2016 impertiri
2083 1907 2255 1998 ipsis
2294 1906 2672 1998 gloriam,

396 2034 629 2103 quam
643 2003 780 2078 hoc
816 2004 1117 2077 nomine
1141 2021 1577 2078 meruerunt.
