2794 5085
313 326 490 384 snus

313 387 452 457 Arc·
509 390 584 435 2.

862 314 871 329 ’
911 307 1118 416 LiB.
1167 341 1340 418 lv„-
1367 308 1610 443 (2415.
1644 346 1762 418 13.

2303 345 2452 419 305

160 557 171 571 .
206 499 340 572 tati
389 495 832 590 Cibyraticae
887 499 1080 589 apud
1127 492 1411 584 Asiam,
1447 577 1450 579 ‚
1481 495 1819 589 Aegiensi
1840 458 1846 476 Ι
1869 503 2065 593 apud
2104 496 2454 574 Achaiam

204 616 414 674 motu
437 614 666 683 terrae
692 600 1053 671 labefactis
1083 601 1585 673 subveniretur
1620 602 2037 673 remissione
2075 604 2328 675 tributi
2371 605 2451 676 in
2495 631 2496 634 ’

203 702 626 782 πῖθιιιιίωῐι.
747 698 831 771 Et

202 803 599 895 Hispaniae
639 805 727 884 de
763 804 831 871 vi

204 930 375 988 rum
413 906 519 1005 'in
573 905 831 974 insulai

1417 727 1509 777 ‚us
1561 728 1691 794 pro
1748 705 2036 796 consule
2092 707 2452 791 ulterioris

1417 819 1558 875 atus
1592 806 1685 874 oh
1714 808 2149 878 atrocitatem
2178 821 2452 902 tempo-

1417 910 1814 999 leportatur.
1916 907 2280 980 Carsidius
2317 909 2451 981 Sa-
2478 948 2489 960 κ

205 1009 680 1093 ,εει-ᾀοετθυε,
731 1021 1072 1100 tanquam
1093 1034 1459 1080 -u-umeuto
1487 1004 1765 1079 hostem
1782 1009 2311 1105 Tacfarinatem
2333 1013 2449 1082 iu-

203 1111 464 1194 visset,
500 1155 505 1164 -
541 1108 975 1193 absolvitur,
1051 1110 1507 1204 eiusdemque
1562 1111 1883 1184 criminis
1926 1110 2009 1189 C.
2056 1109 2448 1226 Gracchus.

276 1307 417 1362 CAP.
470 1304 555 1358 18.
627 1306 904 1370 Aegiensi.
967 1306 1094 1360 .Sic
1161 1306 1286 1360 cod.

203 1375 335 1434 MS,
409 1374 541 1428 Inde
570 1374 691 1426 edd.
723 1383 845 1428 vett.
872 1375 1111 1429 fecerant
1128 1378 1290 1442 Aegi·

205 1447 375 1498 nensi
407 1445 489 1498 vel
523 1444 831 1509 Acen-ensi.
904 1443 1124 1496 Rectius
1164 1443 1287 1496 edd.

205 1520 436 1571 recentt.
464 1513 591 1583 inde
614 1514 679 1565 ab
697 1511 944 1565 Ernestio
970 1521 1021 1566 et
1035 1512 1289 1565 Broterio

209 1592 430 1635 tuentur
467 1581 588 1634 cod.
627 1580 750 1634 MS.
789 1581 1130 1651 scripturam.
1204 1581 1291 1634 De

210 1650 385 1721 Aegio
409 1648 477 1702 cf.
502 1649 729 1701 Pausan.
757 1649 808 1708 7,
820 1650 906 1702 24.
960 1650 1077 1704 Liv.
1093 1648 1180 1718 38,
1198 1646 1286 1703 80.

210 1717 403 1772 Senec.
434 1717 506 1785 Q.
533 1718 602 1770 N.
631 1718 680 1780 6,
705 1719 792 1770 25.

286 1787 481 1838 Vibius
508 1787 775 1840 Serenus.
851 1785 934 1838 Ad
965 1785 1110 1839 hunc
1139 1786 1284 1854 refe-

208 1856 543 1908 renda'sunt
579 1856 742 1907 verba
781 1854 976 1907 Dionis
1014 1855 1096 1917 58,
1133 1856 1185 1908 8.
1229 1858 1285 1909 οἱ

208 1926 273 1980 δὲ
312 1922 379 1989 δὴ
418 1921 575 1977 ἄλλοι
616 1918 711 1976 διά
736 1941 792 1976 τε
820 1924 1025 1990 ταῦτα,
1075 1927 1169 1977 καὶ
1196 1921 1282 1981 ὅτι

103 2032 108 2037 ,
207 1989 238 2047 ὃ
306 1988 553 2063 Τιβέριος
626 1989 835 2060 ἐχθρόν
909 2011 1034 2045 τινα
1107 1992 1281 2047 αὐτοῦ

205 2062 466 2189 Ξὸεἱειηὶ),
536 2057 816 2148 ᾑρημένον
850 2058 960 2133 μὲν
999 2059 1108 2134 πρὸ
1149 2062 1287 2116 δέκα

237 2129 596 2201 τῶνἸβηρίας
621 2134 783 2200 αρξαι
802 2169 818 2198 ,
867 2126 1197 2203 κρινόμενον
1224 2133 1288 2188 δὲ

210 2198 309 2255 {nt
351 2215 525 2268 τισιν,
605 2201 664 2264 ἐξ
723 2201 936 2254 ἐκείνου
994 2197 1178 2271 ἀφῆκε
1231 2221 1282 2254 κ.

210 2284 263 2321 τ.
301 2271 353 2321 λ.
1003 2280 1007 2284 ’
1249 2272 1254 2279 ’

273 2355 380 2405 pro
418 2341 657 2390 consule.
730 2337 825 2392 Sic
859 2338 980 2392 edd,
1006 2339 1131 2393 Ber.
1161 2339 1279 2395 Alc.

212 2415 265 2460 et
291 2406 396 2459 lac.
423 2405 674 2463 Gronov.
724 2407 799 2461 cf.
843 2418 959 2460 not.
998 2408 1065 2461 ad
1103 2411 1155 2471 2,
1194 2409 1279 2462 52.

207 2473 346 2527 Edd.
364 2474 604 2529 Rhenan.
633 2494 754 2548 sqq.
777 2478 1094 2542 proconsul.
1141 2476 1277 2532 Cod.

203 2544 330 2611 MS.
350 2561 615 2611 procons.
1108 2612 1112 2617 .
1214 2547 1215 2550 ’

275 2616 344 2665 ob
386 2615 744 2677 atrocitatem
786 2624 1121 2680 temporum.
1188 2614 1282 2669 Sic

201 2680 332 2738 cod.
379 2678 500 2734 MS.
552 2682 674 2736 edd.
729 2693 856 2737 vett.
952 2682 1059 2736 Sed
1113 2703 1280 2756 quum

205 2769 320 2806 non
339 2762 582 2821 pateret,
619 2770 756 2821 quae
786 2751 1003 2806 tandem
1034 2754 1283 2810 atrocitas

205 2830 514 2890 temporum
556 2820 779 2901 intelligi
816 2830 1021 2891 posset,
1062 2820 1280 2902 plurimi

205 2899 536 2958 acceperunt
592 2889 762 2961 Lipsh,
817 2889 1282 2942 emendationemt

206 2959 276 3009 ob
298 2958 658 3008 atrocitatem
685 2975 907 3009 morum
925 2995 940 3023 ,
975 2968 1026 3026 et
1049 2957 1135 3009 alii
1165 2958 1281 3026 qui·

202 3025 329 3078 dem
356 3024 621 3093 virgulam
651 3035 865 3095 ponunt
926 3035 1008 3078 ost
1032 3044 1278 3093 morum,

203 3094 294 3156 alii
322 3103 444 3163 post
468 3096 794 3145 damnatus,
869 3045 1179 3147 Kbsurdum
1207 3104 1281 3148 ta·

204 3179 335 3216 men
364 3180 486 3214 esse.
510 3161 753 3225 videtur,
805 3162 918 3214 sive
961 3162 1170 3214 dicatur
1209 3163 1280 3214 ob

203 3229 545 3295 atrocitatem
587 3248 807 3282 morum
853 3231 918 3283 de
961 3230 1018 3283 vi
1056 3230 1284 3299 publica

205 3299 490 3351 damnatus
531 3297 644 3352 sive
683 3298 753 3350 ob
793 3299 1128 3352 atrocitatem
1168 3316 1284 3349 mo·

178 3386 332 3420 .rum
371 3366 569 3447 insigni
611 3385 783 3438 poena
812 3366 1069 3419 adfectus.
1142 3364 1283 3445 Sunt

201 3437 365 3491 etiam
411 3454 503 3506 qun
559 3435 625 3488 de
671 3435 863 3487 idonea
919 3434 1106 3487 veteris
1151 3452 1281 3486 sert·

199 3516 395 3577 pturae
421 3502 770 3573 explicatione
797 3503 1052 3573 cogitent.
1104 3504 1280 3555 Atro-

201 3576 437 3627 citatem
479 3581 804 3637 temporum
855 3571 1040 3623 iubent
1090 3570 1280 3623 referri

201 3643 267 3697 ‘ad
314 3659 534 3693 saevum
583 3639 874 3709 imperium
919 3639 1156 3700 Tiberii,
1193 3645 1281 3691 -ut

200 3713 278 3764 ita
318 3708 649 3778 intelligatur
701 3709 914 3777 gravior
963 3726 1126 3779 quam
1179 3725 1281 3778 pro

201 3780 318 3847 lege
356 3796 530 3846 poena
556 3776 718 3828 Vibio
745 3776 949 3829 inflicta
976 3778 1044 3829 ob
1070 3776 1284 3826 atroci-

201 3856 385 3904 tatem
410 3854 746 3911 temporum.
813 3844 906 3899 Sic
923 3863 1094 3913 nuper
1105 3844 1283 3896 Kiess-

200 3913 422 3984 lingius.
525 3914 733 3966 Verum
786 3914 878 3966 hie
935 3912 1283 3981 cogitandum

153 4038 161 4041 ,
200 3995 280 4038 est
311 4001 422 4033 non
442 3981 507 4034 de
525 3981 644 4034 Iulii
657 3980 896 4034 Caesaris
922 3980 1035 4049 lege
1064 3979 1130 4032 de
1157 3980 1205 4031 vi
1233 3991 1286 4032 et

200 4052 505 4112 maiestate,
546 4067 649 4131 qua
673 4049 1025 4103 constitutum
1054 4048 1182 4107 suit,
1224 4059 1285 4101 ut

200 4120 270 4174 de
301 4118 356 4173 vi
388 4127 439 4170 et
467 4128 743 4171 maiestate
771 4118 1035 4170 damnatis
1064 4135 1202 4188 aqua
1229 4126 1283 4169 et

200 4188 316 4257 igni
367 4186 808 4249 interdiceretur-3
857 4185 959 4239 sed
990 4185 1167 4256 potius
1217 4185 1283 4237 de

200 4258 320 4327 lege
356 4254 491 4306 Iulia
506 4254 747 4322 ‚Augusti
777 4259 861 4307 de
879 4256 943 4306 vi
966 4256 1191 4319 publica
1225 4254 1282 4303 in

201 4344 292 4378 eos
333 4323 466 4382 lata,
513 4322 608 4393 qui
636 4333 897 4392 potestate
924 4321 1113 4393 aliqua
1128 4338 1283 4392 prae-

301 4404 598 4466 TAcrrus
646 4399 696 4462 Ι.

1374 1306 1472 1361 diti
1511 1309 1689 1362 civem
1716 1308 2026 1362 Romanum
2056 1322 2447 1381 provocantem
2471 1357 2475 1363 .

1373 1389 1659 1431 necassent·
1677 1377 1758 1430 vel
1783 1379 1962 1447 aliquo
1999 1379 2172 1448 suppli
2213 1380 2263 1432 'o
2304 1380 2448 1432 adse·

1374 1445 1590 1498 cissent.
1648 1446 1717 1499 cf.
1750 1446 1924 1501 Paull.
1957 1445 2199 1500 Sentent.
2266 1449 2376 1512 ,26‚
2396 1452 2447 1503 1.

1368 1512 1546 1579 [Cuius
1598 1513 1727 1587 legis
1776 1534 1951 1586 poena
1994 1515 2097 1567 fuit
2146 1515 2447 1589 deportatio

1374 1581 1462 1634 vel
1518 1583 1769 1636 ultimum
1823 1583 2169 1655 supplicium.
2257 1585 2448 1639 Vibius

1371 1650 1535 1731 igitur
1560 1651 1757 1704 leviore
1785 1666 1959 1723 poena
1988 1653 2245 1723 punitur;
2286 1673 2445 1708 causa

1370 1739 1485 1774 s1ve
1530 1719 1675 1778 iusta.
1716 1721 1830 1775 sive
1882 1721 2005 1774 ficta
2053 1720 2155 1773 fuit
2192 1723 2445 1781 atrocitas

1369 1797 1712 1858 temporum,
1760 1809 1832 1842 sc.
1864 1808 2001 1860 quae
2033 1790 2247 1843 fuerant
2271 1792 2329 1844 in
2356 1791 2447 1844 ul-

1366 1857 1571 1909 teriore
1620 1856 1716 1910 His
1755 1858 1899 1920 ania,
1953 1859 2048 1911 ubi
2102 1857 2241 1911 haud
2282 1860 2444 1913 dubie

1406 1935 1682 1979 eccaverat
1706 1927 1718 1978 i
1745 1926 1811 1978 le.
1886 1924 2133 1979 Coniicio
2159 1929 2445 1981 turbulen-

1364 1945 1486 2044 pum
1511 1993 1676 2046 fuisse
1695 1994 1834 2047 Vibii
1865 1996 2154 2064 imperium
2180 2006 2338 2065 atque
2365 1999 2446 2050 in·

1370 2062 1568 2114 festum
1597 2063 1834 2115 tumultu
1868 2061 2054 2132 aliquo
2091 2063 2179 2118 vel
2219 2064 2447 2118 latroci-

1372 2130 1509 2189 niis,
1546 2141 1606 2183 ut
1641 2130 1713 2182 ita
1751 2131 1956 2185 crimen
1998 2133 2062 2183 ab
2103 2135 2168 2182 eo
2196 2135 2445 2188 commis·

1370 2217 1489 2250 sum
1510 2210 1818 2254 excusatum
1846 2199 2254 2271 quodammodo
2278 2200 2445 2256 videri

1369 2277 1601 2335 posset.-
1635 2256 1748 2319 “ssis
1788 2288 1920 2320 anos
1960 2268 2105 2319 enim
2147 2286 2445 2339 cognosces

1368 2335 1497 2387 infr.
1527 2354 1575 2389 e.
1591 2331 1678 2388 45.
1853 2337 2161 2390 oltmannus
2185 2345 2447 2404 tempora

1367 2402 1615 2475 intelligit
1673 2406 1739 2457 de
1797 2404 2054 2486 temperie
2111 2405 2250 2477 coeli
2302 2408 2445 2477 apud

1369 2470 1631 2544 Cycladas
1667 2473 1951 2536 atrociorn,
1998 2471 2099 2525 nisi
2131 2473 2283 2527 malis
2314 2493 2442 2528 cum

1367 2541 1560 2595 eodem
1588 2544 1857 2615 corrigere
1889 2545 2223 2606 verborum,
2256 2563 2444 2597 secun·

1369 2612 1500 2663 dum
1553 2632 1600 2665 c.
1641 2612 1712 2664 29
1760 2623 1812 2665 et
1864 2610 1950 2665 30.
2048 2611 2446 2667 Freinshemius

1368 2681 1530 2734 verba
1566 2679 1856 2753 disceptata
1898 2681 2020 2734 loco
2061 2700 2157 2733 sno
2183 2690 2331 2733 mota
2358 2698 2445 2749 suf

1368 2747 1679 2817 spicabatur
1729 2749 2046 2820 volebatque
2081 2750 2214 2803 haec
2251 2750 2444 2811 referri

1366 2817 1433 2868 ad
1464 2818 1831 2870 narrationem
1858 2837 1917 2871 su
1960 2818 2188 2870 eriorem
2234 2838 2298 2872 ac
2336 2818 2443 2889 legi

1365 2894 1489 2954 post
1515 2887 1845 2937 triennium.
1920 2837 2027 2939 god
2054 2888 2214 2938 verba
2245 2888 2445 2958 scripta

1364 2961 1478 3004 tam
1515 2951 1672 3005 facile
1714 2973 1813 3006 suo
1854 2952 1980 3006 loco
2020 2972 2137 3006 non
2177 2954 2444 3018 excidunt,

1368 3038 1533 3089 quam
1588 3021 1798 3073 videtur
1844 3021 1938 3083 iis,
1997 3022 2089 3091 qui
2133 3022 2341 3093 saepius
2389 3033 2445 3077 ct
2519 3083 2523 3086 ,

1367 3080 1571 3157 ubique
1659 3099 1809 3142 utant
1858 3110 1918 3141 ex
1959 3090 2223 3142 eiusmodi
2261 3101 2441 3145 trans-

1346 3155 1624 3228 ‘positionn
1669 3175 1728 3208 us
1760 3158 1951 3210 auxilia
1976 3158 2083 3228 peti
2112 3176 2293 3227 posse.

1443 3225 1730 3277 Carsidius
1768 3228 2064 3281 Sacerdos.
2136 3224 2276 3280 Cod.
2315 3228 2441 3283 MS.

1369 3292 1496 3345 edd.
1511 3292 1636 3347 Ber.
1656 3293 1776 3347 Alc.
1797 3292 1971 3348 Rhen.
1994 3313 2114 3365 sqq.
2147 3296 2371 3350 Car-stus
2381 3300 2442 3354 S.

1367 3360 1476 3413 Sed
1513 3379 1683 3431 quum
1711 3361 1853 3417 iufu-
1870 3364 1920 3425 6,
1949 3362 2036 3416 48.
2064 3363 2132 3426 sit
2162 3363 2445 3419 Carsidius

1365 3429 1652 3483 Sacerdos
1697 3430 1843 3497 (cod.
1886 3428 2009 3484 MS.
2052 3442 2104 3497 et
2144 3441 2274 3486 vett.
2320 3434 2445 3489 edd.

1370 3497 1706 3561 Grasidius,
1748 3499 1894 3569 quod
1923 3499 2064 3560 haud
2086 3510 2286 3553 temere
2314 3520 2445 3555 cor-

1367 3575 1620 3618 rexerunt
1670 3568 1729 3619 in
1784 3568 2126 3637 Carsidius),
2191 3568 2445 3639 idemque

1366 3653 1571 3688 nomen
1595 3636 1902 3690 inveniatur
1929 3636 1984 3687 in
2009 3636 2275 3707 inscriptt.
2302 3641 2445 3720 apud

1369 3701 1594 3755 Gruter.
1633 3722 1688 3773 p.
1717 3704 1838 3757 767.
1885 3723 1971 3757 nr.
2014 3708 2107 3765 10,
2161 3703 2255 3757 hic‘
2283 3718 2445 3761 etnam

1373 3772 1606 3823 Cat-sius
1628 3771 1883 3825 suadente
1900 3770 2147 3827 Reinesio
2168 3773 2443 3829 Ernestius

1368 3839 1602 3892 mutavit
1638 3840 1697 3893 in
1737 3842 2045 3895 Carsidius,
2128 3839 2214 3893 De
2254 3845 2445 3898 mediis

1367 3906 1587 3988 syllabis
1613 3908 1669 3960 in
1696 3909 1790 3962 illo
1816 3910 2007 3963 codice
2037 3910 2244 3980 saepius
2274 3914 2448 3965 omis·
2529 3954 2530 3962 ,

1366 3995 1442 4029 sis
1468 3974 1581 4029 vid.
1612 3987 1727 4030 not.
1753 3977 1820 4031 ad
1853 3981 1898 4039 1,
1911 3979 1997 4030 20.
2072 3976 2323 4032 Ceterum
2347 3982 2447 4035 iste

1369 4045 1451 4097 vir
1480 4044 1696 4097 videtur
1724 4045 1889 4104 fuisse
1933 4046 2277 4117 provincialis
2315 4049 2445 4104 civi·

1369 4122 1477 4165 tate
1507 4110 1751 4167 Romana
1797 4114 2044 4167 donatus.
2118 4115 2275 4170 Alius
2314 4119 2447 4172 eius—

1366 4182 1493 4235 dem
1511 4184 1877 4256 ,cognomenti
1897 4223 1912 4245 ,
1971 4182 2137 4236 lulius
2178 4186 2451 4247 sacerdos,

1369 4248 1586 4368 23⁰2?
1643 4261 1729 4309 est,
1782 4269 1815 4304 a
1877 4249 2138 4322 Caligula.
2211 4251 2285 4308 cf.
2340 4255 2451 4310 Dio
2495 4284 2504 4293 ·

1501 4372 1506 4390 ⁴
1829 4389 1899 4459 U
