2794 5085
752 186 769 211 A

764 262 1262 408 '²²*''’1.113.·111.
1337 320 1572 408 CAP.
1614 332 1740 410 59.
1843 432 1846 436 ‚
2267 343 2432 427 273„

348 536 349 539 κ
389 488 587 564 LIX.
646 470 1027 564 ‘Adversus‘
1053 464 1249 581 'quae
1295 438 1457 558 cum
1500 512 1725 578 augur
1766 486 2116 561 Lentulus
2147 442 2426 588 ,aliique

183 595 382 665 varie
411 588 876 681 dissererent,
927 614 1009 658 eo
1042 591 1421 659 decursum
1454 606 1596 674 est,
1645 605 1727 660 ut
1755 593 2109 682 pontificis
2134 589 2426 665 maximi

183 696 610 767 sententiam
680 692 1197 784 opperirentur.
1330 690 1665 761 Tiberius
1716 694 1934 762 dilata
1987 696 2281 766 notione
2337 701 2424 768 de

183 802 348 870 iure
401 794 711 865 flaminis
753 796 1064 863 decretas
1107 795 1201 861 ob
1250 792 1710 869 tribuniciam
1752 792 1972 864 Drusi
2012 811 2427 888 potestatem
2489 802 2490 805 ’

183 898 653 970 caerimonias
696 895 1146 991 temperavit,
1196 895 1622 964 nominatim
1649 902 1948 985 arguens
1974 899 2426 970 insolentiam

183 988 601 1072 sententiae*
645 1022 1028 1090 aureasque
1100 997 1367 1066 litteras
1441 1011 1687 1065 contra
1750 1000 2062 1089 patrium
2131 1027 2425 1076 morem.

180 1103 555 1196 Recitatae
610 1116 678 1170 et
714 1099 934 1168 Drusi
988 1098 1345 1190 epistolae’-
1388 1122 1797 1192 quanquam
1854 1103 1944 1168 ad
2010 1105 2444 1189 modestiam,

181 1208 411 1275 flexae
492 1229 629 1295 pro
684 1200 1223 1293 ¹superbissimis
1297 1200 1772 1291 accipiuntur:
1860 1200 2023 1272 Huc
2081 1190 2431 1275 ¹decidisse

185 1321 439 1378 cuncta
457 1362 475 1390 ,
505 1317 588 1374 ut
616 1329 706 1371 ne
733 1303 1012 1371 iuvenis
1041 1302 1330 1395 quidem
1357 1315 1553 1372 tanto
1585 1297 1861 1372 honore
1890 1320 2168 1396 accepto
2202 1308 2432 1378 adiret

120 1466 124 1471 .
182 1410 391 1480 urbis
428 1410 621 1490 deOS,
662 1405 1150 1494 ingrederetur
1179 1416 1521 1488 senatum,
1555 1405 1864 1496 auspicia
1894 1407 2141 1474 saltem
2172 1409 2432 1497 gentile

183 1511 381 1603 apud
408 1510 659 1577 ¹solum
704 1507 1063 1599 inciperet.
1131 1506 1404 1573 bellum
1447 1505 1712 1582 scilicet
1743 1500 1865 1576 aut
1899 1508 2177 1577 diverso
2208 1516 2433 1595 terra-

183 1639 353 1682 rum
382 1610 707 1680 distineri
734 1609 942 1676 litora
974 1622 1044 1707 et
1066 1607 1259 1675 lacus
1290 1603 1722 1698 Campaniae
1753 1632 1915 1677 cum
1938 1610 2242 1678 maxime
2269 1637 2435 1703 per-
2475 1604 2500 1667 s

185 1728 580 1802 agrantem.
648 1711 747 1779 sic
787 1710 1016 1777 imbui
1053 1723 1400 1778 rectorem
1452 1709 1727 1798 generis
1766 1705 2094 1780 humani:
2163 1712 2238 1781 id
2281 1714 2435 1805 pri-
2512 1790 2514 1792 ,

185 1841 392 1915 mum
435 1839 471 1882 e
514 1813 826 1906 paternis
856 1811 1172 1887 consiliis
1203 1811 1493 1884 discere.
1561 1835 1729 1880 sane
1778 1828 2187 1902 gravaretur
2233 1839 2437 1909 aspe-

294 329 354 383 A„
367 329 431 373 U.
450 329 548 372 775.

292 383 356 425 A.
376 382 434 424 G.
478 380 563 427 22.'

177 2045 382 2115 sensus
408 2042 488 2104 14,
512 2043 596 2096 42.
671 2044 878 2094 Contra
908 2042 1281 2093 aemulationi

195 2116 472 2167 obnoxius
513 2122 617 2172 est,
670 2111 761 2181 qui
804 2109 1051 2162 aemulos
1077 2109 1271 2171 habet3

193 2185 326 2233 odio
368 2181 571 2244 (dativ.)
621 2180 929 2241 obnoxius,
985 2197 1146 2248 quem
1186 2177 1273 2229 alii

201 2251 405 2310 odere,
451 2247 685 2310 invisus3
731 2249 973 2313 privatis
1001 2247 1270 2313 adfectio-

198 2322 364 2372 nibus
404 2317 612 2384 (dativ.)
666 2318 964 2376 obnoxius,
1021 2334 1135 2366 non
1181 2312 1271 2383 qui

198 2389 312 2458 ipse
355 2385 600 2438 adficitur
641 2384 819 2454 aliqua
875 2383 1163 2454 cupiditate
1215 2383 1274 2434 in

191 2459 358 2518 alios,
404 2454 494 2506 sed
520 2453 609 2532 qui
638 2454 870 2506 aliorum
895 2454 952 2504 in
980 2472 1034 2505 se
1057 2451 1271 2531 cupidi-

88 2577 98 2582 -
189 2537 326 2580 tates
365 2521 586 2593 patitur.
663 2522 868 2574 Verum
908 2522 1012 2573 hoc
1053 2539 1274 2572 minime

188 2596 310 2652 vult
342 2592 596 2657 Servius3
636 2591 767 2644 dicit
787 2588 968 2660 potius
992 2589 1274 2642 Tiberium

189 2675 248 2716 ut
284 2680 565 2715 summum
605 2662 660 2711 in
686 2659 960 2711 neminem
988 2657 1065 2710 uti
1093 2676 1274 2710 aemu-

193 2732 429 2792 latione,
478 2729 604 2781 odio
640 2739 730 2782 aut
757 2727 980 2799 privatis
1007 2725 1269 2779 adfectio-

189 2801 356 2853 nibus
392 2803 446 2851 h.
483 2817 528 2849 e.
574 2817 698 2860 eum
743 2815 858 2847 non
897 2798 1275 2848 aemulatione

190 2879 295 2921 etc.
327 2869 636 2918 obnoxium
667 2884 796 2918 esse.
872 2864 1123 2918 Ceterum
1149 2866 1275 2928 pri-

191 2937 363 2989 vatae
391 2935 732 3000 adfectiones
755 2932 896 2992 sunt.
923 2952 1056 3003 quae
1072 2930 1273 2985 Nostro

191 3006 324 3075 Agr.
356 3024 405 3056 c.
432 3003 513 3054 19.
545 3001 799 3055 dicuntur
822 3003 1008 3055 studia
1028 2999 1276 3068 privata,

192 3074 358 3127 favor
412 3090 477 3123 ex
518 3071 915 3124 necessitudine
964 3081 1054 3121 aut
1108 3070 1275 3139 gratia

191 3135 407 3213 priuata
465 3139 728 3192 oriundus
779 3140 1278 3205 (Partei'lz'chke1⁰t);

191 3232 307 3283 quo
368 3227 527 3262 sensu
589 3207 857 3277 aptissime
922 3218 1277 3290 opponuntur

190 3276 578 3331 aemulationi
611 3287 660 3328 et
703 3278 853 3331 odio.
923 3276 1017 3331 Sic
1041 3274 1277 3329 Acidalii

192 3366 422 3418 quoque
463 3343 809 3408 coniectura,
869 3364 970 3412 qua
1026 3347 1280 3398 censebat

193 3414 491 3472 delendum
519 3430 632 3464 esse
657 3424 790 3479 out,
819 3412 1023 3465 inutilis
1049 3414 1247 3468 evadit.

267 3484 406 3535 CAP.
452 3481 535 3533 59.
580 3485 818 3534 notione.
890 3473 956 3536 H.
997 3503 1042 3535 e.
1092 3480 1278 3551 cogni·

194 3555 370 3607 tione.
444 3548 522 3602 Ita
563 3561 627 3601 et·
652 3550 764 3603 Cic.
803 3551 884 3620 pr.
928 3552 1074 3602 dom.
1117 3549 1276 3601 0.13.

194 3623 279 3675 ld.
329 3622 396 3673 ad
449 3618 560 3669 Au.
611 3622 691 3682 11,
740 3615 844 3671 20)
914 3618 1028 3670 Liv.
1064 3620 1151 3678 27,
1189 3618 1277 3670 25.

197 3690 343 3744 Gen.
379 3688 455 3749 17,
489 3687 570 3738 18.
716 3694 725 3700 ”
945 3718 953 3725 ι

266 3759 553 3809 decidisse.
623 3754 716 3808 Sic
755 3755 875 3807 cod.
902 3754 1021 3808 MS.
1064 3766 1116 3807 et
1155 3753 1276 3807 edd.

166 3823 323 3879 VBe‘r.
365 3823 538 3876 Rhea.
583 3823 707 3876 Ald.
748 3824 893 3895 Lips.
940 3824 1087 3876 15⁷4.
1132 3827 1274 3874 reci·-

193 3896 348 3947 disse
387 3892 508 3944 edd.
549 3894 694 3957 Lips.
726 3894 1087 3962 posteriores,
1119 3891 1273 3944 Pieh.

197 3963 360 4017 Grut.
403 3978 525 4030 sqq.
577 3980 745 4029 usque
788 3962 853 4012 ad
897 3962 1002 4014 lac.
1045 3960 1274 4013 Grono-

193 4035 351 4086 vium
368 4070 382 4092 ‚
420 4029 765 4095 qui-restituit
789 4040 1024 4081 veterem
1050 4028 1276 4096 scriptu-

194 4120 333 4153 ram.
404 4097 590 4148 Recte.
652 4096 798 4149 ‘Nam
833 4098 1086 4149 recidisse
1118 4095 1279 4164 signi-

194 4169 324 4220 ficat
360 4155 427 4218 a'd
467 4164 751 4233 pristinam
790 4166 1144 4218 calamitatem
1196 4183 1279 4215 re-

195 4236 375 4289 diisse.
431 4235 501 4286 cf.
532 4230 678 4288 Suet.
715 4233 815 4287 lul.
861 4254 906 4286 c.
938 4234 1019 4286 17.
1059 4234 1291 4291 Recidit,

195 4296 398 4359 rursus
423 4302 482 4354 in
504 4302 804 4355 discrimen
827 4304 983 4356 aliud
994 4322 1014 4364 ,·
1046 4319 1280 4371 namque

296 4382 598 4445 TAcrrus
642 4380 694 4442 I.

477 4496 486 4520 κ
726 4487 729 4490 Α

1334 2106 1335 2111 ¹
1357 2041 1507 2123 prius
1532 2039 1639 2092 iam
1667 2040 1926 2095 sueratin
1953 2043 2292 2110 discrimine.
2317 2034 2440 2098 De·
2505 2055 2509 2059 ⁴

1359 2112 1554 2162 czdisse
1606 2109 1926 2181 simpliciter
1975 2114 2331 2165 mutationem
2379 2114 2437 2167 in

1359 2177 1512 2248 peius
1549 2177 1775 2233 innuit.·.
1796 2178 1867 2231 cf.
1909 2179 2057 2232 Suet.
2087 2179 2279 2234 Claud.
2309 2201 2357 2235 c.
2383 2182 2439 2234 9.

1361 2252 1442 2298 ad
1466 2263 1563 2298 eas
1585 2246 1675 2296 rei
1688 2247 2002 2313 familiaris
2028 2251 2326 2315 angustias
2349 2256 2442 2301 de-

1362 2316 1518 2365 cidit:
1570 2315 1717 2383 quod
1761 2315 2082 2386 interpretes
2124 2328 2314 2370 contra
2342 2317 2440 2370 Er·

1361 2383 1597 2434 nestiu‘m
1624 2382 1697 2434 ibi
1727 2383 1863 2436 bene
1890 2395 2133 2437 tuentur.

1361 2452 1528 2503 surde
1565 2450 2210 2518 Baumgarten-Crusius
2253 2453 2444 2509 scribit

1363 2522 1613 2571 decidere
1647 2519 1909 2572 adiectam
1940 2521 2136 2575 habere
2162 2521 2322 2587 loci„
2346 2541 2445 2576 re.-

1362 2590 1545 2640 cidere
1570 2589 1830 2659 temporis
1852 2591 2154 2644 notionem.
2353 2641 2355 2643 ,

1355 2657 1675 2780 22ιιιι.<>·ρι’<,·ιίι
1702 2659 1925 2710 saltem.
1992 2658 2195 2720 Lucem
2222 2659 2311 2716 dat
2326 2661 2442 2716 Liv.

1427 2766 1443 2789 ‚
1476 2729 1526 2778 1.

1430 2797 1638 2845 bellum
1663 2796 1880 2862 scilicet.
1951 2794 2200 2867 Intellige
2226 2815 2340 2851 esse
2362 2800 2445 2867 (es

1358 2863 1449 2914 sei
1506 2865 1657 2914 wohl
1706 2862 1926 2931 Krieg).
2024 2865 2199 2933 Aegre
2243 2867 2443 2930 ferunt,

1360 2930 1596 3002 quod·in
1634 2940 1780 2982 tanta
1820 2949 2006 2983 rerum
2040 2929 2445 3003 tranquillitate,-

1360 3019 1464 3052 nec
1487 2998 1596 3051 ulla
1621 2999 1887 3051 absentiae
1916 3001 2228 3053 necessitate
2262 3002 2318 3054 in
2345 3022 2446 3056 vur-

1359 3068 1488 3119 bem
1546 3068 1725 3119 venire
1780 3067 2031 3137 negligat.
2127 3068 2446 3124 Delectatur

1361 3136 1564 3190 Noster
1591 3152 1650 3185 ea
1678 3135 1934 3188 brevitate
1960 3136 2194 3192 dicendi.
2239 3136 2447 3194 efinot.

1362 3204 1431 3258 ad
1462 3207 1515 3265 2,
1551 3202 1639 3254 82.
1739 3202 1821 3255 Ne
1866 3203 2030 3274 igitur
2080 3206 2293 3265 audias,
2354 3208 2448 3277 qui

1365 3292 1492 3325 cum
1520 3270 1703 3340 Lipsio
1732 3281 1943 3324 mutant
1970 3274 2177 3324 bellum
2216 3274 2272 3326 in
2302 3277 2444 3328 bello

1363 3342 1448 3394 vel
1474 3359 1599 3393 cum
1617 3339 1835 3391 Heinsio
1859 3341 2181 3412 emendant:
2217 3343 2450 3397 diversa

1366 3419 1655 3461 terrarum
1706 3410 1990 3460 distinere.
2031 3443 2038 3448 ,
2088 3409 2238 3463 Male
2288 3412 2449 3466 etiam

1364 3476 1610 3530 Rieklefs
1660 3477 1725 3528 ad
1776 3479 1983 3528 bellum
2031 3480 2241 3531 scilicet
2290 3499 2319 3532 e
2368 3500 2450 3534 se·
2489 3483 2494 3488 ’

1364 3545 1662 3618 quentibus.
1682 3544 1931 3614 intelligit
1951 3564 2089 3597 reum
2128 3563 2248 3599 non
2288 3552 2448 3601 disti-

1364 3633 1533 3675 nere5
1588 3613 1737 3683 peius
1775 3613 2051 3683 Ruperti,·
2080 3618 2186 3686 ·qui
2238 3620 2450 3669 bellum

1363 3684 1624 3737 adiective
1650 3681 2111 3764 positunraccipit
2140 3689 2189 3736 e't
2255 3705 2317 3737 ro
2346 3696 2450 3738 out

1364 3750 1638 3804 substituit
1680 3752 1869 3811 haud;
1916 3769 2149 3821 pessime
2192 3703 2450 3817 (liumus,

1364 3822 1457 3891 qui
1498 3819 1683 3890 ponit=
1740 3819 1913 3869 Illum
1948 3823 2148 3872 scilicet
2184 3823 2341 3872 houd
2379 3855 2452 3867 --

1363 3888 1631 3943 destinet-i.
2231 3906 2237 3912 ·

1432 3974 1559 4009 cum
1584 3956 1863 4007 maxime.
1937 3955 2030 4008 Sic
2048 3956 2169 4009 cod.
2186 3957 2311 4009 MS.
2327 3957 2449 4012 edd.

1363 4023 1587 4098 Picben.
1629 4042 1691 4093 sq
1735 4063 1750 4077 .
1792 4026 2049 4078 suadente
2092 4023 2352 4077 Rhenano
2394 4027 2451 4078 in

1365 4096 1624 4163 castigatt.
1695 4043 1835 4145 (ilidd.
1887 4091 2281 4145 Ber-*Rhenan
2325 4094 2451 4147 Ald.

1348 4181 1486 4232 sqq.
1520 4171 1642 4212 tum
1680 4164 1953 4235 maxime.
2007 4159 2088 4240 cf.
2124 4160 2450 4214 Ramshorn.

1369 4230 1470 4283 Gr.
1508 4249 1565 4299 p.
1592 4228 1713 4283 319.
1780 4230 1939 4282 *Idem
1972 4240 2159 4280 viuum
2196 4229 2453 4301 frequens
2546 4265 2552 4276 ι

1369 4299 1531 4353 estin
1559 4306 1694 4353 vett.
1723 4297 1894 4352 libris.
1945 4296 2017 4352 cf.
2046 4298 2099 4359 4,
2122 4295 2211 4354 27.
2291 4325 2298 4330 ³

1567 4370 1621 4442 S
1706 4403 1713 4409 .

2201 2378 2319 2438 Nec
2339 2388 2454 2438 ab*
2533 2370 2538 2381 ⁸
