2794 5085
750 975 2337 1108 c.cossNEL1sTAc1Ti

880 1167 894 1192 χ
1285 1147 1293 1155 ‘
1489 1205 1650 1254 AB.
2319 1133 2324 1145 x

842 1270 845 1274 .
929 1319 1391 1387 ‘excessu
1449 1271 2141 1416 DI'VLAUG'USTL

572 1459 660 1545 A
845 1456 937 1562 N
1089 1454 1213 1551 ’Ν
1403 1456 1570 1600 A(
1680 1458 1761 1547 L
1942 1458 1995 1552 1*
2178 1423 2537 1547 U‘M

1126 1644 1438 1710 LIBER
1521 1647 1976 1715 TERTIUS.

985 1955 1708 2028 BREVIARIU‘M
1791 1974 2122 2052 Lf1BR1.

618 2102 756 2157 CAP.
788 2106 835 2154 1.
876 2101 921 2154 A
960 2101 1170 2172 rippina
1197 2120 1323 2153 cum
1353 2122 1490 2156 urna
1517 2102 1669 2155 ferali
1698 2121 1895 2185 magno
1925 2103 2146 2173 planctu
2172 2103 2380 2174 passim
2403 2085 2656 2175 excipitur.

442 2179 498 2242 2.
538 2175 818 2228 Funerum
857 2121 1135 2225 sofiemnia.
1208 2170 1481 2225 Primores
1524 2172 1669 2224 urbis
1698 2172 1857 2224 obvii.
1943 2170 1992 2225 8.
2033 2172 2322 2237 Tiberius,
2360 2175 2586 2245 Augusta
2610 2182 2653 2226 et

439 2243 683 2305 'Antonia
735 2240 956 2312 publico
1005 2240 1291 2292 abstinent.
1382 2239 1455 2293 4.
1484 2241 1710 2293 Maeror
1745 2240 2014 2311 publicus.
2104 2241 2154 2294 5.
2192 2242 2449 2296 Tiberius
2484 2260 2649 2313 parcus

444 2316 591 2370 visus
617 2312 673 2363 in
698 2308 1024 2363 honorando
1057 2307 1250 2360 funere
1285 2309 1337 2362 6.
1366 2319 1577 2363 excusat
1603 2329 1658 2362 se
1687 2320 1738 2362 et
1765 2329 1836 2381 po
1877 2309 2033 2363 ulum
2071 2310 2144 2363 eri
2185 2310 2246 2364 it.
2320 2312 2372 2365 7.
2409 2311 2650 2364 iustitium

447 2382 728 2436 omissum.
777 2378 992 2430 Drusus
1022 2376 1090 2427 ad
1115 2376 1360 2447 illyricos
1389 2377 1650 2430 exercitus
1674 2379 1810 2441 abit,
1880 2416 1892 2430 .
1924 2379 2047 2432 Piso
2077 2379 2144 2431 ad
2217 2400 2440 2441 rusum,
2474 2379 2521 2433 9.
2542 2379 2649 2433 inde

442 2452 680 2505 Romam
711 2447 871 2500 alacri
896 2446 1096 2496 animo.
1168 2448 1249 2496 10.
1291 2447 1422 2497 Mox
1455 2457 1754 2500 accusatur.
1803 2447 2068 2518 Princeps
2093 2468 2313 2503 eausam
2340 2450 2409 2503 ad
2436 2459 2661 2503 senatum¹

444 2516 689 2575 remittit.
715 2529 716 2532 ’
762 2517 844 2568 11.
869 2512 1094 2567 Patroni
1119 2532 1215 2568 reo
1246 2513 1492 2586 quaesiti.
1566 2516 1644 2568 12.
1666 2515 1868 2570 Tiberii
1897 2518 2068 2571 oratio
2097 2517 2162 2571 ad
2186 2529 2389 2589 patres.
2462 2517 2537 2572 13.
2556 2517 2648 2571 Ac-

447 2578 759 2644 cusatoruin
797 2581 1236 2649 criminationem
1298 2585 1380 2637 14.
1416 2603 1542 2637 reus
1583 2584 1722 2636 male
1765 2586 1937 2638 diluit.
2026 2586 2090 2640 In
2130 2607 2258 2639 eum
2295 2588 2494 2641 iudices
2528 2583 2647 2640 haud

343 2676 348 2685 ·
443 2655 640 2728 proni,
677 2648 1338 2724 populus‘offensissimus.
1414 2652 1493 2704 15.
1535 2653 1792 2707 Plancina
1821 2672 2034 2708 causam
2061 2667 2216 2708 suam
2247 2657 2511 2710 dissociat.
2548 2653 2645 2706 'Pi-

413 2738 416 2745 ⁴
446 2724 598 2779 sonis
619 2741 793 2784 mors,
830 2721 914 2775 16.
945 2719 1172 2789 dubium
1198 2741 1266 2774 an
1291 2723 1458 2784 iussa,
1493 2733 1544 2775 et
1568 2723 1634 2776 ad
1651 2722 1932 2776 Tiberium
1962 2724 2243 2786 codicilli.
2287 2726 2369 2778 17.
2392 2725 2510 2778 Piso
2532 2723 2650 2777 filius

335 2826 339 2833 »
445 2791 765 2848 absolvitur.
832 2784 1089 2842 Plancina
1118 2790 1391 2860 Augustae
1473 2792 1685 2844 recibus
1721 2792 2107 2858 condonatur.
2159 2792 2466 2848 sententias
2494 2793 2545 2846 in
2567 2790 2643 2843 Pi-

448 2879 641 2931 sonem
688 2860 771 2913 18.
809 2858 1058 2928 princeps
1094 2847 1224 2911 mitiP
1250 2872 1316 2913 at.
1413 2810 1670 2913 Kdulatio
1708 2859 2048 2932 imprudens.
2147 2864 2232 2915 19.
2282 2863 2490 2916 Drusus
2522 2870 2644 2917 ovat·

447 2929 707 3001 Vipsania
754 2927 1008 2980 moritur.
1099 2927 1186 2978 20.
1276 2927 1538 2981 acfarinas
1580 2927 1783 2981 bellum
1833 2929 1891 2981 in
1929 2928 2114 2984 Africa
2164 2943 2419 2986 renovat.¹
2492 2930 2571 2982 21.
2599 2925 2645 2985 id

445 2996 681 3071 Apronii
722 2997 1003 3051 severitate
1040 3013 1110 3067 op
1152 2997 1385 3049 rimitur.
1481 2999 1566 3050 22.
1610 2997 1808 3068 Lepida
1853 2999 2117 3070 suppositi
2157 3012 2372 3072 partus,
2416 2994 2643 3052 adulterii.

445 3067 693 3125 veneficii
720 3075 965 3121 accusata
1001 3064 1086 3117 23.
1165 3066 1333 3119 iberio
1363 3085 1459 3136 per
1497 3065 1610 3119 lexe
1638 3076 1826 3137 agente
1852 3067 2155 3123 damnatur.
2230 3070 2316 3125 24.
2346 3069 2548 3122 Silanus
2570 3085 2659 3127 ex·-

445 3136 553 3192 sitii
588 3134 800 3188 veniam
835 3134 1108 3202 impetrat.
1178 3135 1263 3188 25.
1300 3135 1408 3187 Lex
1481 3137 1597 3205 apia
1635 3136 1711 3187 Po
1756 3154 1900 3205 paea.
1970 3136 2276 3191 Delatores.
2347 3138 2433 3191 26.
2469 3136 2642 3189 Excur-

431 3214 537 3260 'sus
565 3204 632 3257 de
660 3203 894 3273 legibus,
933 3203 1245 3273 quaeinitio
1277 3208 1477 3276 paucae
1499 3216 1550 3257 et
1573 3154 1871 3274 simplices,
1914 3203 2168 3275 paulatim
2203 3207 2412 3278 primo,
2440 3207 2517 3258 27.
2544 3202 2645 3255 dein

442 3275 767 3329 immensum
797 3281 1000 3325 auctae·
1069 3273 1153 3325 28.
1183 3292 1369 3324 earum
1394 3278 1658 3326 correctio
1690 3283 1912 3326 tentata.
1983 3274 2068 3326 29.
2096 3275 2250 3328 Nero
2280 3270 2570 3329 Germanici
2588 3267 2642 3321 ad

444 3344 694 3403 honores¹
725 3350 1013 3410 promotus
1060 3340 1252 3393 Iuliam
1310 3340 1469 3393 ducit
1494 3341 1659 3394 Drusi
1706 3340 1892 3394 filiam.
1984 3342 2070 3396 30.
2116 3344 2329 3409 Volusii
2354 3354 2410 3398 et
2444 3335 2641 3395 Sallustii
2709 3388 2714 3405 „

446 3429 600 3469 mors
628 3419 681 3461 et
712 3409 797 3462 elo
838 3411 966 3460 ium.
1039 3409 1209 3462 Aulae
1236 3410 1475 3480 potentia
1505 3410 1684 3462 infida.
2040 3424 2055 3441 *1

608 3476 707 3538 81.
744 3428 994 3529 'silverius
1024 3476 1308 3531 ethrusus
1333 3496 1469 3530 coss.
1497 3478 1848 3533 lrreverentia
1874 3478 2169 3535 iuventutis
2192 3490 2396 3535 notata.
2451 3475 2641 3530 viarum

451 3566 601 3603 cura.
657 3545 741 3599 32.
762 3544 1083 3609 Tacfarinas
1111 3547 1291 3599 turbat
1316 3545 1530 3600 iterum.
1567 3547 1796 3617 Lepidus
1815 3546 1971 3600 Asiae
2035 3550 2314 3604 roconsul.
2365 3546 2446 3603 83.
2467 3544 2641 3600 Uxores

449 3638 481 3670 a
509 3613 803 3688 provinciis
828 3624 973 3674 arcet
1001 3612 1261 3669 Caecina:
1310 3614 1395 3667 34.
1433 3615 1481 3667 ei
1523 3627 1784 3686 repugnat
1809 3615 1927 3668 val.
2021 3618 2300 3672 essattinus
2325 3611 2639 3690 adstipulante

447 3684 654 3738 Druse.
724 3682 811 3735 35.
848 3681 1410 3754 Blaesus'proconsul
1437 3682 1670 3739 Africae.
1743 3684 1830 3737 86.
1873 3686 2087 3739 Abusus
2126 3688 2419 3759 imaginum
2461 3682 2639 3753 princi·-

487 3752 652 3807 alium
688 3749 788 3806 37-
814 3770 1086 3833 repressus
1126 3772 1154 3804 a
1186 3752 1387 3805 Druso.
1458 3752 1542 3804 38.
1583 3753 1836 3806 Accusati
1871 3755 2328 3825 repetundarum,
2363 3746 2633 3808 maiestatis·

498 3822 707 3876 braciae
747 3829 960 3872 motum
1005 3820 1093 3874 89.
1132 3819 1365 3873 Velleius
1406 3821 1736 3891 comprimit.
1819 3825 1906 3875 40.
1945 3822 2118 3877 Gallia
2159 3818 2383 3878 'ducibus
2415 3820 2564 3874 Floro
2592 3823 2639 3894 ,⁶¹

449 3888 738 3946 Sacroviro
776 3885 1019 3942 rebellat.
1102 3889 1187 3942 41.
1226 3889 1544 3943 Andecavos
1584 3900 1798 3943 coercet
1837 3891 2062 3956 Aviola,>
2099 3892 2372 3946 Turonios
2405 3886 2640 3960 opprlmlf·

446 3961 530 4013 42.
567 3958 766 4012 Florus
790 3977 885 4011 sua
913 3975 1078 4008 manu
1109 3958 1269 4011 cadit.
1330 3957 1454 4010 finis
1479 3957 2062 4014 Treverici'tumultus.
2131 3961 2216 4014 48.
2254 3961 2463 4015 Aeduos
2489 3954 2636 4008 turbat

446 4027 735 4090 Sacrovir,
795 4027 880 4078 44.
921 4024 1154 4077 Romam
1193 4026 1470 4096 percellit,
1519 4047 1632 4080 non
1669 4027 1968 4085 Tiberium.
2041 4031 2124 4082 45.
2167 4028 2330 4083 Silius
2367 4026 2447 4080 46.
2476 4018 2635 4076 Gallos

444 4097 651 4156 fundit,
697 4092 1085 4178 cruppellarios
1109 4096 1315 4163 caedit.
1386 4095 1638 4149 Sacrovir
1672 4097 1771 4148 sibi
1803 4114 2026 4151 manum
2055 4098 2237 4153 infert.
2308 4090 2392 4150 47.Ι
2427 4089 2641 4146 Tiberins‘

445 4165 658 4217 simulat
694 4164 795 4218 iter
838 4184 894 4217 in
933 4159 1151 4216 Gallias.
1220 4162 1306 4217 48.
1348 4163 1572 4231 Quirini
1611 4184 1758 4217 mors
1805 4165 2098 4221 honestata.
2153 4168 2253 4220 49.
2290 4164 2525 4219 Lutorius
2556 4166 2630 4234 ap·

401 4296 406 4303 ι
448 4243 665 4286 cusatus.
702 4233 786 4286 50.
827 4229 1140 4285 defenditur
1174 4251 1205 4286 a
1240 4232 1478 4305 Lepido,
1527 4234 1610 4287 51.
1636 4245 1870 4288 necatur
1909 4235 1966 4290 in
2003 4255 2234 4290 carcere.
2317 4232 2414 4289 SC·
2452 4231 2512 4283 de
2543 4221 2641 4293 (Μ’,

451 4300 672 4355 serenda
714 4320 913 4372 poena.
964 4333 968 4341 ·
1210 4334 1214 4338 .
