2794 5085
874 290 879 295 ’
928 315 1974 409 12³RAEF211'1'10.w
2130 360 2140 371 -
2300 337 2386 392 lx

166 506 223 554 c.
248 478 324 552 9.
414 475 659 567 Quam
694 475 1102 568 progeniem
1135 470 1468 548 habuerit
1499 502 1581 547 ex
1610 502 1692 548 eo
1725 475 2206 571 matrimonio,
2239 492 2404 549 ιιοιι

164 578 557 676 proditur.
625 578 809 649 Non
829 593 1063 648 tamen
1105 579 1259 647 sine
1303 580 1504 671 prole
1538 578 1869 652 Tacitum
1903 595 2227 652 nostrum
2264 583 2391 651 de-

166 683 451 754 cessisse
504 681 826 775 plerique
887 681 1356 768 arbitrantur,
1443 683 1644 776 quia
1667 682 1732 752 '1
1722 684 1956 769 acitus
2009 685 2398 777 imperator

169 784 387 881 (obiit
425 810 544 859 an.
589 809 658 877 p.
699 779 870 856 Chr.
912 781 1121 878 276.)
1171 808 1333 853 eum
1384 784 1571 855 inter
1621 787 1925 858 maiores
1969 810 2132 856 suos
2173 789 2398 858 coluit

167 901 463 961 testante
515 885 764 957 Flavio
828 884 1128 977 Vopisco
1188 880 1267 953 in
1310 883 1540 959 Tacit.
1595 914 1656 962 c.
1708 889 1825 960 10.
1955 884 2398 981 Apollinaris

169 993 382 1061 etiam
406 989 753 1060 Sidonius
784 985 972 1106 (epp.
1004 985 1131 1072 IV,
1167 985 1323 1084 14.)
1365 990 1735 1091 epistolam
1771 990 2048 1085 scripsit
2070 989 2395 1061 Polemio

170 1078 495 1176 cuidam,
543 1084 753 1209 inter
765 1091 963 1160 cuius
992 1089 1293 1173 maiores
1327 1080 1661 1162 Tacitum
1691 1094 2034 1167 nominat.
2137 1089 2237 1164 At
2251 1093 2398 1163 Ta·
2435 1146 2440 1151 -

172 1196 291 1271 citi
345 1194 792 1286 imperatoris
841 1206 1086 1262 atavus
1137 1193 1369 1284 potuit
1416 1218 1562 1271 esse
1604 1211 1899 1288 patruus
1949 1195 2176 1267 nostri
2228 1197 2401 1266 scri-

171 1297 429 1393 ptoris.
1597 1338 1602 1347 =
2266 1355 2280 1366 ,
2449 1290 2452 1295 Γ
2503 1364 2504 1367 ,

330 1398 445 1519 ,ξ
488 1397 561 1471 7.
627 1393 771 1466 De
792 1392 1198 1471 honoribus
1242 1394 1518 1470 Taciti.
1652 1399 2122 1490 Quaesturam
2184 1403 2399 1493 paulo

171 1517 327 1596 post
346 1502 626 1572 initum
652 1505 1189 1579 matrimonium
1216 1529 1256 1574 a
1290 1501 1539 1574 Tacito
1571 1516 1842 1595 captam
1870 1528 2069 1589 reor,
2117 1518 2199 1573 ut
2225 1517 2406 1574 tem-

170 1629 439 1698 porum¹
515 1603 698 1674 ratio
763 1607 947 1676 bene
1003 1620 1295 1680 constet.
1318 1652 1349 1675 —.
1424 1604 1607 1677 Nam
1673 1607 1823 1698 ipse
1885 1605 2130 1677 scribit
2186 1601 2410 1699 (Histt
2487 1658 2492 1681 1

173 1706 233 1792 I,
279 1705 380 1802 1.)
445 1705 862 1797 dignitatem
924 1733 1120 1779 suam
1171 1733 1211 1778 a
1240 1702 1689 1805 ,Vespasiano
1734 1704 2138 1780 inchoatam
2179 1731 2409 1802 neque

175 1833 344 1879 vero
372 1820 654 1894 auctam
695 1809 784 1878 ab
825 1814 1108 1895 eodem,
1159 1812 1280 1885 sed
1313 1835 1354 1879 a
1383 1809 1583 1907 Tito:
1637 1811 1804 1881 inde
1839 1825 2036 1904 vpatet
2076 1814 2409 1905 quaestu-
2451 1906 2452 1909 Ἴ

172 1936 332 1982 ram
373 1923 655 1983 tantum
699 1936 763 1981 a.
779 1911 1214 2007 Vespasiano
1258 1914 1323 1982 ei
1362 1913 1773 2002 contigisse,
1823 1910 2256 1991 aedilitatem
2298 1913 2412 1985 vel
2447 1916 2450 1929 '²

179 2015 628 2084 tribunatum
690 2039 733 2084 a
786 2013 978 2088 Tito.
1111 2015 1479 2086 Secundus
1533 2031 1770 2087 autem
1837 2010 2049 2086 hosce
2101 2011 2410 2086 honores

129 2113 604 2209 plerumque
621 2141 792 2232 ’uno
833 2119 949 2188 vel
983 2119 1265 2188 duobus
1295 2118 1502 2187 annis
1538 2117 1973 2211 interpositis
2005 2131 2164 2209 post
2194 2126 2415 2211 quaed

195 2231 454 2288 sturam
483 2217 655 2309 capi
672 2220 916 2290 solitos
945 2235 1250 2312 arguunt
1268 2220 1612 2311 e.xempla
1711 2219 1830 2291 Sic
1854 2216 2202 2309 Agricola
2221 2233 2418 2311 post-

192 2345 403 2413 quam
424 2344 628 2405 ·anno
657 2322 817 2396 urb.
842 2273 1063 2396 816.⁰
1052 2337 1381 2416 quaestor
1410 2323 1674 2414 fuerat,
1723 2346 1839 2395 an.
1873 2320 2049 2394 818.
2086 2322 2419 2399 tribunus

184 2424 409 2492 factus
443 2435 565 2505 est.
647 2425 737 2498 cf.
769 2422 997 2499 Tacit.
1027 2420 1200 2516 Agr.
1241 2451 1300 2497 c.
1330 2423 1402 2497 6.
1508 2422 1659 2494 Iam
1688 2450 1838 2511 non
1870 2439 1973 2493 est
1999 2448 2240 2509 causa,
2291 2447 2418 2494 cur

188 2522 527 2595 Tacitum
581 2525 912 2597 iuvenem
967 2529 1151 2598 fama
1196 2522 1563 2622 gloriaque
1611 2527 1984 2600 florentem
2030 2527 2442 2620 domuique

185 2629 606 2721 praecipuae
670 2629 1454 2719 dignitatis-*connuhio
1510 2632 1860 2700 adnexum
1906 2653 1988 2699 ex
2048 2644 2421 2723 quaestura

186 2745 333 2806 tres
376 2744 798 2824 quattuorve
842 2757 1070 2824 annos
1101 2733 1391 2804 alterius
1426 2727 1722 2818 honoris
1756 2732 2265 2824 exspectatione
2297 2733 2425 2801 de-

189 2847 472 2907 tentum
520 2847 868 2925 putemuS.
1002 2835 1244 2926 Quare
1287 2835 1746 2905 coniiciemus
1791 2842 2237 2929 quaesturam
2284 2834 2425 2904 viri

190 2938 445 3005 cadere
482 2937 695 3006 inter
718 2962 944 3007 annos
985 2939 1144 3011 urb.
1177 2936 1632 3008 Sao-832.
1676 2938 1964 3060 eiusque
2011 2937 2426 3027 dignitatem

193 3062 238 3107 a
267 3037 440 3108 Tito
475 3052 750 3109 auctam
790 3064 937 3109 esse
963 3065 1076 3112 an.
1104 3066 1177 3115 u.
1214 3039 1388 3111 833.
1418 3039 1533 3108 vel
1568 3035 1776 3111 834.

399 3135 743 3213 Praetura
766 3143 1195 3233 fungebatur
1224 3166 1309 3210 eo
1343 3163 1571 3224 annu,
1622 3165 1764 3233 quo
1795 3139 2313 3212 Domitianus‘
2291 3165 2431 3216 ιιιι-
2471 3139 2472 3142 ’

195 3247 487 3338 perator
512 3244 721 3316 ludos
755 3246 1144 3318 saeculares
1175 3242 1400 3313 edidit
1418 3296 1440 3328 ‚
1475 3242 1726 3335 'iisque
1754 3221 1945 3312 ludis
1975 3257 2146 3316 tunc
2172 3240 2431 3313 Noster

112 3383 121 3394 ,
198 3345 431 3422 adfuit
488 3347 877 3426 sacerdotio
941 3345 1560 3441 quindecimvirali
1616 3345 1997 3435 praeditus,
2116 3345 2200 3418 cf.
2261 3343 2432 3417 Tac.
2549 3413 2550 3418 ,

201 3443 396 3520 Αιιιι.
428 3445 560 3533 XI,
594 3447 710 3522 11.
810 3443 1064 3522 Edidit
1090 3457 1326 3521 autem
1346 3444 1802 3517 Domitianus
1830 3471 2020 3530 anno
2041 3503 2062 3535 ‚
2112 3471 2253 3541 quo
2281 3447 2434 3539 ipse
2471 3477 2486 3484 ‘

204 3551 458 3621 consul
504 3562 658 3621 erat
701 3548 907 3625 XIII.
953 3576 1115 3623 cum
1155 3549 1239 3625 L.
1271 3548 1603 3623 Minucio
1644 3546 1844 3621 Rufo
1885 3545 1960 3624 h.
2008 3574 2070 3623 e.
2111 3574 2226 3623 an.
2268 3550 2434 3626 urb.

202 3650 379 3727 841.
481 3651 569 3727 cf.
604 3648 976 3727 censorin.
1019 3652 1234 3727 c.17.

408 3754 757 3829 Praetura
784 3757 1068 3827 functus
1090 3754 1390 3830 Tacitus
1434 3778 1546 3826 an.
1576 3749 1748 3826 843.
1789 3777 1953 3824 cum
1996 3776 2216 3823 uxore
2241 3754 2438 3830 urbe
2517 3835 2520 3844 Ι

210 3860 410 3931 cessit
450 3872 526 3930 et
565 3882 703 3951 per
738 3857 1289 3952 quadriennium
1328 3857 1577 3928 abfuit.
1690 3858 1775 3929 cf.
1804 3853 1975 3928 Tac.
2020 3853 2198 3945 Agr.
2231 3880 2290 3927 c.
2317 3849 2440 3928 45.

211 3960 512 4036 Causam
542 3962 908 4031 absentiae
932 3962 1127 4035 varie
1153 3959 1727 4051 interpretantur.
1789 3952 1961 4027 Alii
1989 3969 2245 4049 putant
2267 3957 2452 4056 mis·-

209 4090 359 4139 sum
401 4091 540 4161 pro
587 4077 916 4156 praetore
957 4064 1036 4132 in
1079 4061 1554 4154 provinciam,
1605 4060 1798 4154 quod
1841 4059 2022 4128 satis
2053 4071 2157 4127 est
2192 4058 2449 4136 verisi-

204 4171 389 4245 mile.
466 4162 663 4239 Alii
703 4165 1013 4234 exsulem
1052 4164 1266 4234 fuisse
1298 4163 1721 4255 opinantur,
1776 4162 1971 4256 quod
1999 4161 2279 4256 idoneis
2315 4162 2447 4230 do·-

199 4274 559 4354 tumentis
593 4253 896 4367 probari
924 4267 1193 4364 nequit.
1251 4260 1669 4338 301ιεὶειιῐ
1641 4262 1867 4338 1mmo
1906 4257 2076 4335 h‘uic
2120 4263 2450 4358 opinioni
