2794 5085
920 332 1131 410 LIB.
1161 334 1289 410 vl.
1364 331 1600 410 CAP.
1631 334 1756 410 42.
2293 334 2447 408 423

214 491 342 563 sed
370 489 763 562 conditoris
790 487 1073 562 Seleuci
1101 490 1440 565 retinens,
1541 491 1840 562 trecenti
1866 491 2135 585 ‚opibus
2175 505 2299 578 aut
2334 515 2448 561 sa-

212 594 491 686 pientia
534 593 789 662 delecti
825 607 907 663 ut
942 608 1258 679 senatus:
1326 617 1453 664 sua
1493 593 1761 685 populo
1805 595 1945 662 vist
2007 608 2079 665 et
2115 593 2444 687 quotiens

137 710 142 717 ‘
212 696 603 785 concordes
668 708 924 784 agunt,
1000 693 1360 785 spernitur
1419 689 1759 764 Parthus:
1839 695 1970 764 ubi
2034 696 2444 780 dissensere,

139 829 153 843 ,
212 798 391 867 dum
420 795 561 865 sibi
587 795 886 890 quisque
914 810 1160 866 contra
1187 797 1506 866 aemulos
1535 795 1934 866 subsidium
1973 809 2266 882 vocant,
2325 821 2444 867 ac·-

212 899 397 968 citus
425 899 506 967 in
534 908 809 989 partem
833 898 1209 967 adversum
1241 921 1490 968 omnes
1527 898 1837 970 valescit.
1937 894 2025 966 Id
2062 922 2291 994 nuper
2326 923 2444 968 ac-

213 1001 483 1085 ciderat
509 995 877 1070 Artabano
908 1013 1248 1089 regnante
1266 1054 1287 1084 ‚
1338 999 1466 1093 qui
1493 999 1778 1090 plebem
1819 999 2257 1090 primoribus
2296 1014 2445 1070 tra-

212 1100 403 1174 didit
443 1126 529 1171 ex
574 1125 703 1171 suo
740 1125 937 1182 usu.⁸
1000 1125 1168 1170 nam
1210 1102 1462 1193 populi
1499 1100 1880 1192 imperium
1920 1101 2114 1171 iuxta
2134 1103 2445 1183 liberta-

212 1198 422 1289 tem‚=
465 1227 856 1296 paucorum
901 1203 1294 1272 dominatio
1340 1201 1574 1292 regiae
1623 1201 1917 1277 libidini
1950 1204 2263 1295 propior
2319 1212 2451 1277 est.-

316 328 592 429 aaa:

214 1304 413 1376 Tum
459 1305 960 1374 adventantem
1001 1301 1403 1373 Tiridatem
1447 1304 1797 1375 extollunt
1835 1318 2158 1374 veterum
2197 1328 2443 1394 regum
2540 1382 2545 1385 ,

209 1402 640 1479 honoribus·⁴
670 1421 739 1478 et
790 1428 970 1501 quos
1011 1413 1257 1475 recens
1299 1420 1487 1475 aetas
1531 1405 1796 1496 largius
1843 1405 2150 1491 invenit:
2230 1407 2444 1475 simul

212 1510 476 1601 probra
511 1509 590 1576 in
615 1501 1064 1579 Artabanum
1091 1508 1490 1577 fundebant
1504 1561 1525 1592 ‚
1573 1512 1894 1578 materna
1926 1508 2200 1597 origine
2223 1498 2444 1577 Arsa-

215 1611 480 1695 cidem,
539 1622 769 1687 cetera
813 1611 1252 1699 degenerem.
1365 1607 1725 1678 Tiridates
1764 1632 1917 1678 rem
1953 1607 2444 1679 Seleucensem

213 1713 481 1806 populo
507 1711 875 1803 permittit.
940 1735 1105 1789 mox
1133 1712 1576 1796 consultam,
1614 1734 1928 1805 quonam
1955 1712 2071 1780 die
2098 1711 2444 1781 solemnia

213 1814 421 1905 regni
449 1827 877 1906 capesseret,
926 1812 1195 1882 litteras
1219 1806 1549 1882 Phraatis
1579 1827 1648 1883 et
1670 1809 2044 1897 HieroniS‚
2095 1812 2222 1907 qui
2259 1802 2445 1882 vali-

213 1916 538 1986 dissimas
567 1916 1037 2007 praefecturas
1064 1912 1529 1999 obtinebant,
1571 1913 1826 2012 accipit
1850 1915 2137 1991 brevem
2168 1938 2444 1985 moram

210 2017 681 2112 precantium.
782 2016 1259 2109 placitumque
1305 2015 1622 2108 opperiri
1663 2015 1858 2085 viros
1907 2017 2442 2109 praepollentis:

215 2135 427 2216 atque
465 2119 755 2190 interim
794 2111 1184 2212 Ctesiphon
1226 2118 1426 2188 sedes
1468 2116 1753 2213 imperii
1801 2119 2043 2210 petita.
2144 2119 2267 2189 sed
2313 2120 2445 2191 ubi

212 2347 487 2395 cesserunt
511 2335 578 2393 ab
600 2332 859 2390 institutis
881 2333 1207 2400 conditoris,
1232 2344 1292 2390 ut
1373 2345 1588 2409 putant.
1672 2324 1999 2393 Concedunt
2032 2326 2272 2388 materna
2319 2331 2442 2415 qui-

212 2408 281 2462 ad
340 2407 566 2460 modum
621 2403 1001 2463 circumiectae
1053 2425 1113 2459 re
1153 2405 1289 2458 ionis
1374 2407 1499 2461 dem
1523 2406 1730 2478 origine
1757 2404 2110 2465 Arsacidem,
2145 2422 2258 2455 non
2285 2403 2446 2472 igitur
2508 2417 2524 2426 ²

211 2477 569 2532 barbarorum
609 2493 764 2528 more
797 2483 1033 2545 agerent.
1099 2425 1290 2528 ἑπε-
1372 2477 1667 2548 genuinum
1694 2484 1746 2527 et
1772 2493 1971 2547 purum
1991 2469 2319 2529 Arsacidem‚
2343 2471 2444 2523 Ar-

210 2546 411 2619 lingitis
465 2546 774 2597 barbarum
827 2563 930 2615 pro
980 2545 1286 2599 masculino
1369 2545 1609 2600 sacidem
1648 2557 1860 2607 tamem
1906 2552 2086 2598 cetera
2112 2560 2246 2594 vero
2277 2540 2444 2612 dege*-

210 2616 404 2674 habet,
443 2611 543 2668 τὸν
568 2609 884 2688 βάρβαρον,
924 2613 1072 2684 quod
1098 2613 1285 2666 durius
1368 2634 1588 2677 nerem,
1651 2625 1742 2677 ut,
1801 2612 1844 2664 si
1883 2612 1956 2666 ob
1996 2610 2263 2680 originem
2306 2607 2444 2663 ferri

211 2685 419 2738 dictum
443 2682 679 2737 videtur.
1367 2683 1565 2754 possit,
1584 2682 1937 2737 intolerabilis
1961 2680 2045 2739 sit,
2072 2677 2197 2749 quia
2222 2679 2445 2749 degene-

278 2769 310 2806 s
376 2753 562 2804 rm'tur
583 2750 863 2804 Parthus:
894 2752 994 2802 uba·
1014 2759 1120 2804 etc.
1191 2748 1288 2805 Sic
1369 2754 1574 2808 raverit
1597 2752 1860 2805 moribus.
1929 2748 2148 2801 Tertio=
2184 2748 2308 2818 quia
2333 2766 2443 2799 ma·

212 2819 280 2875 ed
321 2858 336 2875 .
377 2819 621 2874 Rhenan.
660 2839 777 2891 sqq.
855 2819 992 2872 Edd.
1032 2819 1284 2874 Beroald.
1368 2830 1480 2873 tres
1504 2821 1645 2892 apud
1668 2819 1897 2873 Parthos
1923 2836 2101 2887 neque
2126 2816 2318 2868 darent
2345 2836 2443 2868 ne-

209 2889 338 2943 Ale.
360 2899 736 2956 spernuntur.-
768 2887 1032 2950 Parthus,
1060 2890 1157 2940 ubi
1178 2899 1285 2942 etc.
1370 2906 1476 2958 que
1519 2888 1796 2943 auferrent
1832 2886 2199 2947 nobilitatem,
2244 2895 2304 2936 ut
2343 2903 2441 2954 pa·-

235 3015 238 3016 7
278 2959 447 3011 iuxta
496 2960 837 3011 libertatem.
940 2956 1034 3012 Sic
1092 2956 1280 3011 Germ.

210 3046 262 3081 c.
295 3027 382 3081 30.
417 3026 682 3080 velocitas
710 3028 881 3079 iuxta
890 3025 1282 3096 firmidinem.

209 3096 285 3151 cf.
310 3105 426 3149 not.
450 3095 517 3148 ad
543 3094 680 3148 Hist.
706 3095 766 3158 ξι
784 3095 871 3148 76.

271 3164 512 3232 propior
543 3173 646 3218 est.
711 3163 814 3217 Ed.
855 3161 1106 3238 Oberlin.
1148 3182 1284 3232 ope-

209 3242 399 3287 rarum
447 3231 600 3303 lapsu
644 3234 811 3300 prior
869 3250 970 3302 pro
1072 3235 1284 3296 rapior.

205 3302 563 3373 Repetierunt
589 3298 734 3354 idem
769 3299 968 3356 vitium
1094 3300 1281 3353 eikert.

205 3369 733 3427 Naudet.Weisius.
768 3370 843 3423 cf.
867 3378 987 3423 not.
1012 3371 1076 3421 ad
1105 3368 1251 3423 1237.

275 3448 548 3494 materna
575 3440 813 3504 origine.
883 3436 1285 3490 Freinshemius

210 3520 266 3563 et
286 3504 521 3561 Pichena
549 3516 820 3559 materna
848 3515 1062 3559 mutant
1087 3506 1146 3559 in
1168 3526 1282 3572 pa-

208 3588 397 3631 terna.
510 3575 764 3629 Rationes
833 3584 1049 3645 ponunt
1124 3575 1281 3627 talesz

208 3647 424 3719 prime,
475 3643 602 3717 quia
635 3645 686 3705 2,
719 3642 773 3696 8.
809 3644 1224 3698 Arsacidarum
1249 3664 1279 3695 e

206 3720 485 3782 sanguine
518 3713 823 3767 Artabanus
865 3710 1083 3765 dicitur.
1169 3712 1274 3764 Er-

209 3785 414 3839 nestius
435 3783 576 3836 bene
599 3782 891 3851 respondet
914 3781 1072 3833 etiam
1099 3800 1128 3832 e
1155 3780 1285 3835 filia.

206 3856 312 3908 bus
349 3862 597 3921 posteros
635 3848 909 3920 sanguinis
945 3851 1121 3901 nostri
1151 3868 1284 3918 esse.

204 3922 321 3994 Prp
354 3918 666 3974 testimonio
708 3919 851 3971 addo
887 3917 1074 3971 locum
1113 3913 1165 3980 4,
1197 3919 1283 3971 52.

208 3993 514 4057 imaginem
547 4003 744 4042 veram
765 3986 995 4038 coelesti
1015 3988 1289 4054 sanguine

207 4070 420 4113 aream.
504 4054 792 4110 Secundo:
850 4054 975 4125 quia
1014 4056 1285 4126 oppositio

208 4146 326 4182 non
364 4128 491 4181 satis
528 4133 767 4183 constet,
816 4124 962 4194 quod
993 4122 1156 4179 fuerit
1183 4144 1278 4195 per

206 4195 442 4252 matrem*
464 4215 524 4249 ex
587 4203 709 4247 ente
737 4191 1147 4257 Arsacidarum,
1185 4194 1280 4248 sed

207 4267 464 4335 degener.

207 4354 337 4390 nem
376 4332 467 4390 hic
502 4350 616 4386 non
657 4349 772 4386 esse
806 4349 956 4394 eam,
1001 4349 1162 4403 quam
1202 4331 1284 4388 illi

619 4261 891 4331 espondeo
905 4299 922 4324 ,
980 4263 1278 4334 oppositio-
1313 4281 1318 4284 ·

1367 2968 1476 3011 teat
1515 2955 1869 3025 in'Vologese
1906 2973 1969 3007 ex
2005 2952 2196 3025 pellice
2234 2951 2446 3007 Graeca

1367 3036 1499 3079 nato
1530 3026 1612 3085 12,
1640 3025 1730 3078 44.
1804 3021 2161 3093 Respondeo,
2194 3021 2443 3092 pellicem

1369 3092 1637 3147 Graecam
1664 3112 1779 3148 non
1802 3112 1916 3149 esse
1958 3108 2140 3161 parem
2181 3090 2379 3159 virgini
2414 3095 2465 3143 e]

1366 3164 1532 3234 stirpe
1559 3162 1940 3222 Arsacidarum
1969 3169 2127 3212 natae
2157 3168 2208 3212 et
2241 3157 2295 3210 in
2323 3179 2441 3213 ma·

1365 3231 1688 3284 trimonium
1718 3227 1981 3301 principis
2005 3226 2111 3282 viri
2136 3226 2444 3282 collocatae.
2494 3261 2497 3266 -

1368 3301 1693 3371 cambysem
1710 3318 1827 3352 non
1838 3297 2027 3368 puduit
2040 3294 2189 3367 Cyri.
2213 3295 2444 3361 Quartot

1369 3372 1495 3439 quia
1536 3387 1701 3422 nemo
1744 3367 1888 3439 apud
1919 3364 2149 3419 Parthos
2189 3364 2440 3418 adsume-

1369 3450 1520 3492 retur
1551 3436 1610 3491 in
1635 3457 1693 3489 re
1733 3456 1898 3498 num,
1946 3435 1998 3486 ni
2028 3432 2312 3487 Arsacides
2349 3455 2444 3517 per
2530 3437 2541 3450 ”

1405 3520 1572 3561 ati-em
1606 3508 1656 3569 6,
1720 3511 1768 3559 1.
1847 3503 2202 3575 RespondeO,
2252 3523 2313 3556 ex
2348 3505 2441 3559 illo

1385 3596 1499 3628 nco-
1525 3576 1629 3629 hoc
1656 3593 1769 3628 non
1793 3572 2074 3638 consequi.
2111 3571 2249 3624 Nam
2273 3589 2461 3638 genus

1363 3646 1601 3698 Arsacis
1640 3663 1752 3696 non
1789 3642 2022 3696 excludit
2055 3650 2273 3712 nepotes
2304 3640 2441 3695 filia-

1361 3715 1463 3767 bus
1524 3712 1692 3766 nobili
1749 3709 2096 3764 matrimonio
2163 3707 2443 3765 oriundos.

1370 3781 1626 3836 Ceterum
1678 3780 1780 3835 alia
1832 3780 1992 3833 etiam
2045 3786 2171 3831 sunt
2230 3776 2441 3841 indicia,

1369 3853 1708 3916 Artabanum
1748 3859 1989 3916 materna
2024 3847 2231 3914 origine
2278 3845 2440 3901 fuisse

1371 3920 1705 3972 Arsacidem.
1763 3918 1916 3971 'Nam
1945 3918 1995 3975 2,
2018 3915 2070 3969 3.
2096 3916 2207 3985 ipse
2241 3916 2439 3969 dicitur

1371 3992 1525 4055 apud
1541 3988 1745 4040 Dahas
1764 3990 2012 4038 adultus.
2085 3984 2193 4036 lam
2225 3984 2318 4054 qui
2345 4006 2437 4056 po·
2518 3989 2523 3994 ’

1369 4056 1474 4109 tuit
1526 4056 1669 4125 apud
1712 4054 1890 4108 Dahas
1942 4052 2282 4115 adolescere.
2336 4057 2436 4110 nisi

1361 4137 1533 4178 matre
1559 4124 1790 4198 principi
1815 4125 1935 4177 viro
1963 4121 2104 4192 apud
2122 4121 2300 4175 Dahas
2327 4144 2435 4178 ma-

1362 4194 1628 4247 trimonio
1651 4194 1867 4247 iuncta?
1934 4191 2113 4245 Porro
2135 4194 2434 4246 secundum

1365 4264 1553 4317 locum
1592 4262 1643 4325 6,
1679 4262 1764 4316 36.
1814 4263 2121 4315 Artabanus
2157 4260 2435 4328 Hyrcanis

1368 4331 1832 4401 Carmemniszsque
1852 4348 1956 4399 per
1981 4329 2333 4399 adfinitatem
2357 4334 2439 4384 ia·
