2794 5085
2238 338 2298 380 Α.
2319 335 2384 379 U.
2411 338 2519 382 779.

2237 390 2301 432 A.
2325 387 2384 431 C.
2437 388 2521 429 26.

381 347 529 416 aas
589 369 595 375 ·
1176 312 1791 412 ANNAmuM'

783 432 810 473 ν
1104 468 1109 475 ,

384 499 677 594 propius
701 497 1107 567 incedentes
1137 495 1510 587 eruptione
1545 495 1777 565 subita
1808 494 2081 565 turbati
2117 510 2285 565 sunt
2329 492 2643 588 recepti-

281 606 286 615 ’
386 626 524 695 que
603 600 915 670 subsidio
994 597 1430 687 Sugambrae
1511 591 1864 683 cohortis,
1959 620 2175 689 quam
2250 596 2640 668 Romanus

383 718 785 796 promptam
832 701 921 768 ad
962 698 1273 791 pericula
1314 700 1447 766 'nee
1482 699 1723 767 minus
1769 712 2106 775 cantuum
2157 715 2226 769 et
2264 724 2637 807 armorum

387 806 695 876 tumultu
722 817 993 873 trucem
1022 796 1216 870 haud
1243 800 1495 892 procu]
1520 800 1968 872 instruxerat.
2306 786 2313 849 Ῐ
2472 874 2499 890 ,
2530 816 2565 833 ““

589 901 924 976 XLVIII.
1027 892 1406 971 Translata
1449 896 1709 971 dehinc
1747 915 1973 970 castra
2015 897 2296 970 hostem
2337 912 2638 995 propter

353 1008 650 1079 ⁴relictis
693 1006 883 1097 apud
919 1005 1160 1096 priora
1203 1004 1649 1074 munimenta
1689 999 2095 1073 Thracibus
2114 1059 2134 1088 ,
2197 1029 2377 1096 quos
2420 1007 2637 1075 nobis

305 1112 346 1149 Ψ·
388 1110 692 1187 adfuisse
743 1105 1157 1179 memoravi.
1273 1105 1501 1197 iisque
1557 1105 1980 1197 permissum
2024 1122 2328 1191 vastare,
2400 1131 2635 1194 urere,

383 1206 668 1283 trahere
711 1201 1050 1300 praedas,
1116 1209 1289 1276 dum
1337 1207 1704 1298 populatio
1760 1207 1988 1276 lucem
2034 1208 2223 1279 intra
2267 1209 2638 1279 sisteretur

360 1327 804 1404 ¹noctemque
843 1311 924 1379 in
973 1308 1216 1379 castris
1249 1323 1477 1378 tutam
1522 1322 1591 1377 et
1626 1308 1919 1397 vigilem
1960 1324 2420 1400 capesserent.
2559 1313 2631 1380 i'd

383 1415 614 1507 primo
645 1428 1028 1483 servatum:
1079 1430 1246 1479 mox
1288 1410 1480 1479 versi
1523 1411 1604 1478 in
1647 1410 1894 1479 luxum
1939 1425 2008 1480 et
2044 1413 2266 1502 raptis
2305 1414 2637 1504 opulenti

385 1517 710 1587 omittere
739 1513 1110 1596 stationeS,
1160 1511 1453 1580 lascivia'
1472 1512 1844 1603 epularum
1882 1525 2015 1581 aut·
2049 1535 2302 1582 somno
2349 1529 2420 1584 et
2460 1517 2637 1585 vino
2696 1509 2705 1519 ⁷

386 1616 871 1711 procumbere.
978 1613 1202 1704 Igitur
1228 1607 1466 1682 hostes
1495 1614 1768 1683 incuria
1804 1638 2051 1682 eorum
2082 1630 2443 1706 comperta
2487 1619 2635 1686 duo

386 1720 666 1809 agmina
692 1731 978 1810 parant,
1031 1739 1338 1808 quorum
1370 1716 1590 1784 altero
1618 1716 2072 1806 populatores
2101 1718 2638 1805 invaderentur,

388 1822 515 1890 alii
545 1834 766 1890 castra
791 1817 1123 1891 Romana
1154 1818 1680 1908 adpugnarent,
1730 1841 1881 1887 non
1925 1840 2045 1909 spe
2087 1818 2455 1910 capiendi,
2507 1825 2635 1890 sed

385 1938 467 1993 ut
509 1924 852 2006 clamore,
899 1920 1099 2003 telis,
1148 1942 1275 1987 suo
1321 1920 1622 2012 quisque
1669 1918 1984 2010 periculo
2038 1921 2355 1991 intentus
2411 1947 2636 1993 sono-

387 2049 540 2095 rem
563 2023 856 2093 alterius
881 2019 1138 2113 proelii
1172 2045 1319 2093 non
1345 2021 1708 2112 acciperet.
1758 2029 1765 2043 ’
1812 2022 2142 2090 tenebrae
2174 2023 2470 2115 insuper
2504 2026 2634 2093 de..

386 2128 603 2196 lectae
635 2125 1030 2213 augendam
1056 2124 1145 2191 ad
1170 2120 1653 2194 formidinem.
1758 2121 1901 2199 Sed
1942 2123 2070 2215 qui
2103 2124 2374 2193 vallum
2404 2127 2631 2218 legio-

387 2252 562 2298 num
605 2227 1007 2310 tentabant,
1062 2225 1269 2293 facile
1314 2225 1713 2315 pelluntur:
1781 2218 2148 2295 Thracum
2199 2226 2629 2324 auxilialre-

386 2331 683 2422 pentino
725 2328 1017 2399 incursu
1057 2327 1337 2409 territa,
1384 2350 1548 2395 cum
1580 2349 1744 2417 pars
1783 2326 2306 2396 munitionibus
2349 2331 2631 2402 adiacea

389 2446 582 2515 rent,
655 2430 894 2522 plures
964 2443 1155 2497 extra
1220 2428 1672 2517 palarentur,
1741 2441 1939 2496 tanto
2007 2428 2356 2498 infensius
2427 2433 2627 2515 caesi,

389 2548 653 2627 quanto
710 2530 1041 2623 perfugae
1091 2542 1161 2598 et
1205 2530 1600 2618 proditores
1641 2530 1827 2598 ferre
1868 2554 2064 2599 arma
2107 2531 2198 2599 ad
2243 2528 2460 2614 suum
2492 2560 2626 2627 pa·-

388 2637 702 2725 triaeque
733 2631 1099 2700 servitium
1125 2631 1655 2702 incusabantur.
2446 2677 2485 2708 Ἴ.
2526 2651 2529 2652 ’

591 2731 854 2804 XLIX.
953 2730 1244 2804 Postera
1277 2732 1391 2800 die
1421 2715 1731 2802 Sabinus
1779 2734 2163 2803 exercitum
2202 2759 2430 2828 aequo
2472 2717 2627 2806 loco

388 2836 735 2921 ostendit,
811 2834 873 2903 si
928 2834 1230 2903 barbari.
1268 2856 1590 2903 successu
1657 2834 1887 2919 noctis
1953 2827 2217 2904 alacres
2272 2838 2633 2929 proelium

391 3096 665 3169 Rycltiana
723 3095 966 3166 aliaeque
1014 3093 1210 3148 babent
1258 3097 1466 3156 multa,

297 3189 306 3198 .
367 3184 677 3293 ,333me
704 3162 853 3265 lapsu
875 3163 1113 3257 primum
1143 3174 1329 3216 ortum
1350 3181 1465 3216 esse

458 3317 832 3383 Sugambrae.
904 3314 1039 3367 Ed'd.
1058 3315 1179 3368 Ber.
1198 3315 1309 3368 Ate.
1325 3314 1464 3367 Rhe-

390 3406 515 3440 nan.
546 3386 668 3438 Ald.
706 3384 919 3454 Micyll.
956 3386 1318 3451 Sycambrae.
1389 3384 1460 3436 cf.

390 3465 506 3508 not.
551 3454 615 3508 ad
654 3454 717 3517 2,
749 3453 835 3503 26.
934 3452 1288 3519 Sugambrae
1335 3453 1460 3505 edd.

391 3522 536 3592 Lips.
570 3541 686 3592 sqq.

461 3621 595 3675 Cn.
635 3619 723 3673 48.
805 3622 1142 3674 memoravi.
1226 3620 1329 3672 Res
1369 3620 1465 3673 icit

389 3689 457 3746 ad
492 3709 540 3750 c.
564 3690 676 3752 47.‚
716 3688 810 3740 ubi
834 3708 1016 3760 regem
1043 3641 1459 3742 Rhoemetai'een

391 3778 517 3813 cum
546 3757 753 3811 auxiliis
778 3758 1143 3829 popularium,
1181 3761 1270 3828 qui
1298 3758 1458 3810 fidem

389 3847 504 3881 non
566 3838 938 3890 mutaverant,
1011 3827 1242 3879 adfuisse
1308 3827 1457 3892 dixit.

387 3896 520 3950 Mox
549 3896 633 3949 ed.
662 3894 790 3947 Ald.
834 3906 1187 3963 capescerent
1219 3912 1322 3965 apro
1361 3915 1457 3946 ca-

380 3976 695 4034 pesserent.
756 3964 881 4017 Vid.
914 3973 1029 4017 not.
1056 3965 1122 4016 ad
1153 3967 1231 4026 11,
1256 3962 1341 4015 34.
1376 3965 1459 4024 12.

389 4036 476 4087 11.
505 4043 557 4086 et
579 4032 730 4086 alibi.
1333 4053 1352 4068 κ

1551 3069 1652 3146 tia.
1692 3093 1785 3150 ,In
1830 3091 2088 3165 Lipsianis
2131 3094 2439 3164 prioribusz
2481 3101 2629 3166 eapti

1550 3164 1862 3229 opulentia.
2379 3187 2393 3201 1

1620 3261 1862 3315 incursu.
1933 3258 2025 3313 Sic
2049 3282 2079 3314 e
2104 3263 2228 3316 cod.
2246 3263 2370 3317 MS.
2390 3265 2625 3321 Picbena

1549 3330 1811 3395 restituit3
1855 3330 1979 3383 edd.
2015 3331 2268 3389 Beroald.
2295 3335 2421 3387 Alo.
2458 3334 2624 3389 Rhen.

1549 3418 1670 3471 sqq.
1699 3417 1986 3452 concursu.

1611 3522 1970 3584 palarentur.
2065 3519 2132 3572 Et
2175 3520 2282 3574 hoc
2321 3519 2559 3576 PicBeua
2591 3542 2622 3575 e

1549 3588 1675 3640 cod.
1708 3586 1830 3641 MS.
1857 3588 2108 3641 restituit.
2143 3623 2214 3633 --
2262 3590 2623 3646 Ed.Beroald.

1547 3655 1668 3709 Alc.
1693 3657 1869 3709 Rhen.
1899 3676 2015 3727 sqq.
2039 3660 2471 3722 pabularentur.

1618 3774 1754 3828 CAP.
1789 3776 1877 3828 49.
1930 3783 2008 3832 »εἰ
2033 3778 2281 3830 barbari.
2355 3778 2435 3833 Ut
2469 3799 2618 3900 Ἧκ-

2537 3869 2592 3901 er

1547 3863 1674 3898 cum
1725 3846 1777 3896 et
1829 3864 1950 3896 cum
2007 3847 2268 3916 optative.
2361 3848 2433 3901 cf.
2596 3882 2617 3890 -

1543 3931 1727 3965 mann.
1773 3913 2055 3982 ad‘Viger.
2104 3924 2216 3965 not.
2250 3916 2376 3969 1190.
2413 3927 2467 3970 et
2505 3915 2617 3970 303.

1542 3981 1799 4051 *optantis
1852 3991 1950 4033 est.
2062 3981 2197 4034 Tac.
2240 3985 2347 4037 An.
2394 3985 2487 4048 12,
2537 3986 2617 4038 28.

1285 4105 1294 4112 .
1540 4052 1595 4102 si
1632 4050 1820 4102 Cani.
1842 4084 1883 4101 ..
1911 4053 2278 4116 praeberem5
2338 4055 2419 4113 15,
2456 4054 2535 4106 13.
2575 4056 2624 4106 si

454 4118 638 4179 raptis
675 4116 944 4182 opulenti.
1034 4113 1129 4170 Sic
1169 4116 1290 4169 cod.
1333 4114 1455 4168 MS.

1657 4120 1896 4170 eliceret.
1926 4162 1929 4168 ⁴
1971 4118 2106 4174 Hist.
2146 4126 2190 4183 1,
2216 4120 2300 4173 31.
2329 4125 2385 4175 si
2409 4162 2454 4175 ..
2474 4123 2618 4189 ,βε-

384 4196 500 4238 test.
515 4184 747 4238 Piehena
773 4193 823 4236 et
849 4184 975 4237 inde
1001 4184 1120 4236 edd.
1142 4184 1290 4237 Pieh.
1313 4182 1371 4234 Li
1396 4204 1458 4238 ιε.
1542 4193 1812 4249 cleretur5
1847 4187 1896 4247 3,
1927 4185 2009 4240 30.
2041 4190 2099 4238 si
2123 4225 2137 4240 .
2156 4225 2196 4241 ..
2221 4193 2620 4254 traherentur,-

315 4271 326 4286 ·
388 4253 537 4305 1607.
568 4250 725 4304 Grut.
756 4271 870 4322 sqq.
900 4287 973 4297 —-
1034 4252 1171 4323 Ed-d.
1200 4257 1371 4305 Res-oa
1399 4254 1453 4306 d.
1538 4254 1589 4316 3,
1617 4253 1700 4306 52.
1725 4256 1780 4307 si
1800 4293 1873 4310 ...

384 4320 508 4374 Alc.
561 4320 808 4374 Rhenan-
845 4340 964 4392 sqq.
1014 4325 1174 4387 rapti
1218 4325 1454 4387 apulea·
1540 4324 1590 4387 2,
1613 4323 1664 4375 9.

1908 4258 2229 4310 adirentur.
2302 4257 2454 4314 Caes.
2472 4260 2534 4312 B.
2553 4259 2613 4312 G.

2170 4333 2191 4356 l
