2794 5085
300 2461 312 2469 ²
363 2482 509 2520 nam,
540 2481 674 2531 quae
697 2470 773 2512 est
800 2457 1266 2529 triumphantium.
1329 2457 1440 2510 So-

2226 321 2304 382 ΑᾹ,
2321 329 2384 375 U.
2398 328 2503 373 Μ.
2636 319 2641 324 ’

2231 381 2295 432 Α.
2318 382 2505 426 (3.16.

372 336 516 410 146
1087 309 1092 316 ’
1194 275 1805 434 ΑΝΝΑΧΜυΜ

374 493 572 586 sequi
597 515 864 561 nomen
889 487 1432 583 ‘imperatorium
1469 506 1538 561 et
1574 493 1944 584 deportare
1987 489 2302 561 lauream
2345 469 2603 585 posset.

371 591 586 665 Ha’ud
631 607 995 664 cunctatus
1029 607 1131 661 est
1174 594 1361 680 ultra
1408 590 1914 677 GermanicuS,
1980 613 2390 686 quanquam
2432 596 2605 684 fingi

372 693 453 784 ea
482 720 692 789 seque
724 705 853 788 'per
883 694 1231 764 invidiam
1265 693 1472 787 parto
1507 697 1651 765 iam
1693 694 1933 792 decori
1971 691 2288 765 abstrahi
2330 689 2605 767 intelli-

374 812 590 887 geret.
641 869 646 872 .
1321 815 1336 834 ²
1408 821 1413 826 “
2614 821 2625 826 “

572 959 883 1034 XXVII.
923 967 930 976 '
982 959 1136 1032 Sub
1193 960 1389 1030 idem
1442 974 1721 1051 tempus
1776 984 1816 1028 e
1864 961 2136 1031 familia
2185 960 2608 1034 Scribonio—

373 1057 548 1144 rum
573 1063 758 1134 Libo
801 1061 1080 1133 Drusus
1128 1064 1441 1142 defertur
1479 1062 1724 1131 moliri
1765 1086 1876 1130 res
1922 1087 2166 1135 novas,
2286 1065 2439 1132 eius
2477 1089 2608 1133 ne-

361 1166 545 1255 gotii
589 1165 912 1249 initium,
964 1165 1330 1247 ordinem,
1379 1164 1597 1232 finem
1641 1164 1951 1233 curatius
2003 1165 2342 1234 disseram
2361 1221 2407 1251 ,,
2435 1167 2604 1259 quia

370 1282 524 1337 tum
551 1269 866 1358 primum
898 1280 1172 1358 reperta
1208 1279 1415 1349 sunt,
1468 1289 1649 1357 quae
1687 1279 1960 1373 per·tot
2001 1290 2227 1336 annos
2272 1292 2426 1336 rem
2468 1293 2611 1359 pu·-

369 1369 629 1444 hlicam
674 1371 988 1441 exedere.
1116 1364 1432 1436 Firmius
1478 1364 1697 1437 Catus
1741 1381 2021 1437 senator
2059 1393 2143 1435 ex
2181 1368 2435 1438 intima
2475 1368 2609 1439 Li-

369 1471 580 1540 bonis
608 1470 918 1539 amicitia
950 1470 1282 1539 iuvenem
1317 1468 1913 1560 improvidum'et
1944 1470 2223 1538 facilem
2265 1470 2608 1540 inanibus

368 1575 461 1642 ad
516 1564 1047 1642 Chaldaeorum
1098 1569 1476 1661 promissa,
1542 1592 1911 1659 magorum
1973 1595 2206 1656 sacra,
2284 1573 2608 1641 somnio-

349 1697 531 1743 *rum
591 1674 803 1741 etiam
833 1673 1277 1764 interpretes
1339 1671 1663 1761 impulit,
1749 1672 1921 1740 dum
1983 1697 2333 1763 proavum
2386 1672 2654 1768 Pom--n

359 1777 643 1866 *peium‚
722 1775 1013 1843 amitam
1069 1768 1553 1857 Scriboniam,
1644 1797 1825 1865 quae
1878 1776 2243 1867 quondam
2297 1770 2609 1865 Augusti

369 1878 681 1948 coniunx
718 1877 984 1959 fuerat,
1034 1874 1503 1944 consobrinos
1531 1870 1894 1958 CaesareS‚
1945 1876 2232 1966 plenam
2270 1876 2609 1972 imagini-3

366 1981 501 2050 hus
548 1982 844 2060 domum
880 1990 1190 2047 ostentat
1237 1970 1704 2068 hortaturque
1749 1978 1840 2045 ad
1881 1977 2128 2047 luxum
2169 1992 2238 2048 et
2268 2003 2384 2052 aes
2428 1967 2606 2048 alie—

946 2183 959 2224 i

432 2253 641 2310 nomesn
679 2254 1138 2334 imperatorium:

366 2325 431 2377 ad
463 2329 511 2384 1,
537 2324 590 2378 3.

435 2398 736 2460 deportare
772 2394 1046 2443 laureum.
1131 2390 1236 2443 lut.
1275 2409 1438 2443 coro-

1211 2250 1283 2307 cf.
1325 2262 1441 2306 not.
1524 2252 1609 2316 48,
1651 2252 1737 2306 16.
1779 2262 1832 2305 et
1870 2251 2104 2325 Appian.
2145 2253 2208 2306 B.
2247 2252 2310 2307 C.
2356 2254 2406 2315 5,
2444 2253 2607 2324 1390.

1524 2321 1601 2374 Ex
1626 2321 1706 2375 his
1720 2320 1992 2390 Pompeia
2017 2320 2110 2375 des
2151 2334 2335 2376 onsata
2353 2323 2439 2376 M.
2458 2323 2604 2376 Mar-

1526 2390 1667 2442 cello
1708 2409 1775 2443 ne
1819 2410 1885 2443 ue
1930 2411 2062 2447 vero
2150 2393 2368 2466 educta,
2436 2411 2604 2474 quam

1523 2467 1708 2528 postea
1811 2461 2060 2511 cribom'o
2114 2460 2323 2525 Liboni
2384 2458 2602 2514 cuidam

366 2527 439 2583 let
494 2550 571 2583 suc
625 2526 953 2583 vocabulum
1004 2545 1221 2579 corona
1271 2527 1437 2580 modo
1526 2527 1766 2610 nupsisse
1804 2537 1857 2579 et
1895 2528 2165 2599 peperisse
2198 2549 2323 2582 cum
2349 2528 2415 2581 L.
2440 2529 2602 2583 'Scri-

364 2599 540 2651 omitti
564 2597 733 2664 (Suet.
752 2597 878 2649 Ner.
904 2616 951 2649 c.
970 2596 1051 2649 13.
1087 2596 1254 2648 Dom.
1280 2616 1329 2649 c.
1345 2595 1439 2663 6.),

363 2667 529 2719 modo
572 2666 693 2718 addi
733 2665 903 2732 (Suet.
940 2665 1039 2718 lut.
1081 2685 1128 2717 c.
1152 2665 1221 2716 45
1261 2675 1313 2716 et
1350 2665 1439 2723 79,

363 2735 488 2787 Tib.
517 2735 712 2802 e.69.).
784 2733 954 2853 Igitur
978 2738 1283 2800 deportare
1309 2736 1438 2784 Iau-

337 2816 528 2856 ‘ream
553 2813 660 2865 est,
695 2821 804 2873 quo
869 2800 1051 2872 Nepos
1078 2802 1163 2862 24,
1187 2803 1237 2858 2.
1265 2804 1315 2854 1.
1358 2802 1435 2854 di-

363 2872 437 2951 cit
463 2873 810 2938 trismzpluam
828 2875 1129 2938 deportare
1154 2870 1209 2923 h.
1234 2891 1282 2922 e.
1305 2891 1437 2945 nan-

364 2959 513 2993 eusci.

279 3064 288 3086 ,
432 3023 567 3077 Cn.
599 3025 687 3078 27.
761 3041 789 3075 e
820 3021 1065 3091 familia
1105 3024 1437 3078 Scribonio-

289 3120 296 3129 -
356 3113 486 3153 rum
515 3095 651 3145 Libo
682 3090 927 3145 Drusus.
1001 3091 1073 3146 ef.
1117 3093 1265 3155 Suet.
1310 3092 1358 3145 T
1361 3093 1436 3146 ib.

361 3182 411 3217 c.
442 3163 528 3216 25.
597 3162 708 3215 Dio
736 3161 819 3223 573
845 3160 929 3215 15.
1351 3164 1372 3169 ”

327 3270 334 3285 ·
427 3244 680 3315 defertur
699 3245 909 3298 moliri.
972 3243 1256 3298 Structura
1284 3246 1433 3316 grae-

345 3328 442 3367 *ca.
528 3313 734 3366 Similia
782 3323 907 3366 suut
935 3313 1073 3366 infr.
1110 3314 1160 3384 2,
1196 3314 1283 3389 87.
1337 3317 1436 3365 in..

357 3386 533 3435 lectus
568 3412 635 3423 —
675 3386 883 3434 ducere
937 3390 1194 3437 uxorem.
1297 3383 1435 3437 Hist.

357 3449 410 3509 3,
450 3452 533 3503 68.
578 3468 674 3502 nec
713 3455 910 3501 deerat
944 3453 1057 3514 ipse
1099 3484 1171 3495 —
1213 3454 1430 3519 debere.

353 3518 431 3572 cs.
463 3530 577 3572 not.
608 3517 678 3570 ad
704 3516 839 3569 Hist.
864 3518 916 3577 4,
946 3521 993 3570 1.

425 3604 725 3655 «iusseram.
793 3600 866 3656 οἱ.
895 3598 1116 3657 Sallust.
1145 3601 1284 3663 Cata
1306 3625 1356 3658 c.
1380 3604 1457 3658 5.,

358 3669 470 3724 Liv.
494 3672 579 3734 41,
604 3671 656 3724 6.
1275 3705 1282 3713 -

403 3756 708 3823 'proauum
756 3754 1113 3821 Pompeium,
1183 3756 1431 3823 amitam

358 3823 727 3878 Seribom'am.
794 3822 1079 3876 Stemmati
1117 3844 1174 3876 ex
1219 3824 1430 3878 licando

357 3912 576 3963 operam
612 3892 807 3946 dedere
836 3891 1046 3963 Lipsius
1086 3890 1152 3947 et'
1221 3892 1432 3964 yckius‚

354 3980 665 4032 quanquam
701 3979 812 4013 non
839 3961 955 4013 sine
988 3964 1300 4014 coniectura
1329 3963 1429 4015 im·

354 4030 513 4083 mixta
536 4028 738 4082 absolvi
760 4047 847 4081 res
879 4028 1074 4098 potuit.
1145 4031 1213 4081 Et
1237 4050 1429 4083 secun·

356 4099 486 4150 dum
515 4097 752 4167 Lipsium
780 4097 848 4150 L.
875 4097 1204 4150 Scribonius
1235 4101 1429 4154 consul

356 4185 477 4219 cum
512 4165 749 4219 Antonio
774 4185 860 4218 an.
884 4165 1004 4218 719.
1032 4183 1195 4219 uxore
1219 4166 1428 4221 incerta

315 4270 320 4273 .
355 4235 540 4305 genuit
586 4232 973 4293 Scriboniani,
1048 4253 1183 4311 quae
1240 4237 1427 4358 nusssit

352 4306 471 4357 Sex.
509 4302 780 4374 Pompeio
807 4300 924 4357 filio
960 4301 1154 4374 Magni
1191 4300 1285 4371 (cf.
1368 4324 1424 4358 10

1524 2599 1758 2648 bornum
1787 2597 2059 2649 Libonem
2085 2597 2370 2650 consulem
2397 2598 2604 2652 an.769

1525 2664 1619 2732 (cf.
1663 2684 1826 2734 supra
1858 2660 1912 2719 ti
1944 2668 2042 2733 1.),
2072 2668 2209 2731 'ptum
2240 2665 2604 2719 Scribonium

1522 2734 1798 2786 libonem
1824 2733 2114 2797 Drusum,
2150 2738 2214 2790 de
2240 2755 2350 2805 quo
2377 2735 2469 2788 hic
2495 2757 2602 2789 ser·

1524 2821 1617 2854 mo
1653 2813 1761 2865 est,
1799 2802 2026 2855 coniicit
2063 2803 2289 2875 Lipsius.
2358 2803 2602 2874 Ryckius

1519 2870 1579 2923 in
1619 2870 1934 2946 hacsgenesi
1961 2869 2016 2922 id
2053 2891 2167 2924 non
2230 2874 2410 2935 robat,
2448 2872 2601 2944 quod

1522 2938 1792 2991 Libonem
1860 2939 2116 2993 Drusum
2236 2940 2402 3010 ipsius
2469 2941 2600 3003 facit

1518 3008 1741 3060 fratrem
1783 3007 1848 3059 L.
1877 3009 2162 3061 Scribonii
2182 3008 2408 3062 Libonis
2443 3031 2596 3066 cons.

1519 3096 1609 3128 an.
1635 3074 1754 3127 769.
1796 3094 1959 3146 quem
2001 3078 2182 3148 potius
2219 3077 2471 3149 intelligit
2509 3100 2597 3133 ne·

1559 3155 1703 3200 otem
1735 3143 1796 3198 L.
1824 3144 2100 3199 Scribonii
2133 3165 2286 3199 cous.
2309 3146 2430 3200 720.
2468 3169 2498 3201 a
2536 3149 2597 3202 Γ..

1518 3164 1811 3266 ἓονίδοιιίο
1839 3212 2044 3267 Libone
2082 3215 2279 3285 prioris
2307 3214 2421 3268 filio
2450 3218 2599 3286 geni-

1521 3292 1655 3333 tum.
1703 3314 1775 3324 —
1865 3280 2159 3335 Scribonia
2207 3283 2264 3335 L.
2315 3282 2596 3338 Scribonii

1520 3350 1695 3415 (cons.
1735 3348 1884 3412 719.)
1927 3370 2085 3404 soror
2129 3366 2187 3403 ex
2217 3353 2470 3422 Augusto
2510 3372 2596 3424 pe·

1519 3417 1681 3488 perit‘
1720 3417 1964 3482 Iuliam,
2034 3420 2166 3472 Iulia
2234 3440 2291 3472 ex
2350 3421 2597 3494 Agrippa

1517 3487 1896 3552 Agrippinam
1959 3500 2184 3561 nuptam
2243 3486 2596 3544 Germanice.

1517 3556 1715 3606 Amica
1763 3555 1926 3626 igitur
1970 3569 2099 3620 est„
2151 3574 2324 3624 quam¹
2362 3558 2595 3613 dicimus

1518 3623 1811 3676 maiorem.
1873 3646 1879 3654 ·
1916 3624 2011 3677 Sic
2053 3646 2104 3681 c.
2144 3623 2233 3679 43.
2286 3632 2598 3682 avunculus

1516 3710 1618 3762 pro
1644 3692 1909 3745 avunculo
1932 3691 2143 3748 maio‘ri.

1569 3826 1790 3896 suerat.
1862 3829 2111 3885 Heinsius
2149 3842 2349 3884 mutat:
2389 3834 2595 3901 suerit,

1514 3892 1775 3964 tanquam
1836 3919 1864 3951 e
1906 3898 2110 3953 ,Firmii
2152 3901 2280 3955 Cati
2343 3922 2593 3973 persona,

1515 3965 1662 4085 quod
1698 3966 1940 4048 ineptum
1972 3979 2069 4021 est.
2132 3968 2294 4022 ‘Nam
2365 3972 2450 4024 uis
2481 3982 2593 4025 tan-

1554 4052 1641 4085 em
1708 4033 1808 4087 sib1
1871 4036 2247 4107 persuadebit,
2370 4040 2593 4093 irmium

1512 4101 1646 4155 haec
1686 4103 1978 4165 addidisse,
2029 4124 2197 4176 quum
2228 4108 2590 4162 Scriboniam

1511 4171 1757 4223 amitam
1818 4177 2148 4228 ostentaret?
2218 4176 2399 4228 Immo
2456 4176 2589 4230 haec

1483 4278 1487 4283 ·
1512 4248 1638 4292 sunt
1659 4236 1837 4292 Taciti
1873 4242 2068 4303 verba,
2107 4262 2209 4297 nee
2235 4254 2365 4301 toto)
2379 4246 2435 4298 in
2460 4244 2586 4302 loco

1512 4306 1773 4361 orationis
1801 4308 2067 4387 obliquae⁸
2082 4312 2365 4385 vestigium
2396 4323 2492 4371 est.
