2794 5085
236 308 298 354 A.
315 307 381 354 u,
404 307 506 352 τσο.

237 361 301 407 A.
325 360 384 407 o.
431 362 506 405 ιε..
550 411 558 418 ,

859 300 1079 391 Lm.
1119 313 1214 395 Π.
1260 414 1261 419 Ν
1317 311 1554 427 CAR·
1592 317 1660 388 6.
2230 318 2375 393 123

139 474 234 544 ad
275 473 553 545 bellum
591 462 1015 564 opportuna.
1128 468 1325 543 ‘Nam
1366 466 1704 555 Rhenus,
1747 492 1913 540 -uno
1958 471 2159 541 alveo
2204 466 2379 544 con·
2415 515 2422 525 ·

138 576 386 646 tinuus
441 588 567 643 aut
607 574 919 649 modicas
964 574 1233 650 insulas
1279 573 1874 657 circumveniens,
1930 574 2134 664 apud
2172 575 2380 666 prin-

141 678 413 768 cipium
472 675 624 764 agri
664 672 918 745 Batavi
972 677 1170 745 velut
1214 676 1294 743 in
1336 678 1517 744 duos
1558 675 2188 749 amnes›dividitur
2231 696 2394 757 ser-'

141 794 402 871 vatque
432 801 727 846 -nomen
777 790 848 861 et
885 772 1302 846 violentiam
1359 800 1641 861 curSUS‚
1723 801 1865 870 qua
1912 774 2379 855 Germaniam
2451 858 2459 872 .

140 875 636 973 praevehitur‚
723 880 948 948 donec
1006 875 1301 949 Oceano
1379 878 1782 948 misceatfir:
1874 880 1964 947 ad
2027 872 2382 961 Gallicam

140 983 374 1074 ripam
404 981 637 1079 latior
683 994 753 1049 et
796 980 1147 1072 placidior
1188 981 1533 1053 adfluens,
1651 1004 1857 1049 verso
1911 995 2379 1070 cognomento

139 1080 495 1154 Vahalem
555 1084 842 1152 adcolae
894 1078 1179 1154 dicunt:
1252 1107 1422 1152 mox
1476 1082 1575 1171 id,
1605 1105 1889 1176 quoque
1949 1083 2380 1153 vocabulum

1305 1337 1419 1391 An.
1448 1338 1497 1394 1,
1521 1337 1572 1389 1.
1601 1333 1686 1390 13.
1715 1335 1804 1390 32.
1829 1334 1916 1389 37.
1947 1333 2034 1392 51.
2060 1335 2149 1389 64.
2192 1337 2382 1396 15,11.

1307 1406 1393 1459 59.
1439 1405 1575 1458 nist.
1606 1404 1768 1468 1,,13.
1800 1404 1883 1458 35.
1906 1404 1997 1458 46.
2076 1405 2191 1458 Iam
2231 1403 2385 1459 Rhe-

1306 1494 1444 1529 num
1471 1473 1698 1527 Oceano
1720 1473 1964 1539 misceri,
1996 1473 2123 1527 satis

1308 1552 1453 1598 certa
1478 1552 1555 1596 est
1577 1562 1664 1595 res
1690 1562 1788 1614 per
1814 1562 1871 1596 se
1900 1551 2163 1614 spectata,

137 1324 523 1409 trltnsportat.
558 1332 697 1389 Edd.
725 1354 911 1389 omnes
937 1339 1016 1388 ad
1039 1328 1220 1390 trans-

138 1406 506 1462 mittendum.
556 1404 758 1472 ,Quod
791 1404 1039 1460 dedimus
1072 1415 1155 1459 est
1188 1423 1220 1458 e

140 1475 544 1555 consuetudine
569 1472 703 1528 Tac.

171 1565 184 1579 '
207 1580 349 1614 nam
371 1560 604 1615 Rhenus
637 1567 741 1612 etc.
810 1554 897 1610 De
919 1555 1113 1617 Rheno
1151 1556 1222 1611 cf·

138 1629 304 1760 ἓεῖἓ..
321 1629 386 1682 B.
402 1627 473 1683 G.
500 1627 552 1692 4,
581 1628 664 1680 10.
711 1624 863 1747 Mela
887 1626 939 1691 δ’,
961 1626 1021 1691 2.
1073 1624 1220 1717 Plin.

208 1800 345 1852 qua,
373 1780 787 1851 ¹Germaniam
842 1782 1223 1847 praeuehitur.

143 1852 218 1908 cf.
244 1849 379 1905 infr}
405 1870 454 1905 c.
480 1851 567 1904 63.
602 1859 992 1916 transgressus
1014 1850 1222 1901 Danu-

141 1914 331 1982 bium,'
390 1936 509 1989 qua·
551 1920 825 1973 Noricam
865 1918 1225 1984 provinciam

137 1987 430 2059 praefluit.
516 1988 655 2041 Hist.
698 1987 750 2049 4,
784 1987 869 2051 71.
909 1990 1042 2038 dum
1075 1988 1224 2037 mis-

70 2082 75 2091 *
145 2056 274 2112 silia
323 2058 571 2110 hostium
619 2058 1063 2121 prae-vehuntur.
1152 2055 1223 2108 cf.

146 2128 556 2248 Krebs,Ggram.
588 2125 681 2178 lat.
711 2128 761 2190 §.
788 2122 907 2176 800.
976 2123 1220 2177 ΕάζΑΙά.

149 2213 320 2265 quam
403 2197 668 2247 ermania
686 2202 781 2261 ρι’.

2196 1474 2385 1531 uidem
2431 1508 2440 1521 ι

2228 1543 2281 1596 ic
2305 1552 2382 1596 ta·

1306 1630 1436 1665 men
1476 1629 1589 1664 non
1631 1628 1731 1682 per
1767 1632 1823 1664 se
1861 1620 2102 1675 constat,
2150 1611 2257 1665 'sed
2303 1611 2383 1665 ita
2425 1626 2430 1634 ·

1306 1679 1507 1753 pendet
1536 1698 1565 1732 e
1593 1680 1798 1734 verbisz
1840 1682 2144 1748 servatque
2170 1695 2381 1732 nomen

1306 1837 1518 1886 nomen
1539 1816 1645 1870 diei
1674 1835 1738 1869 ea
1774 1818 2086 1872 conditione
2121 1818 2204 1870 vel
2243 1815 2387 1870 limi·

1305 1887 1541 1949 tatione,
1602 1904 1738 1956 quae
1793 1885 2036 1945 additurz
2089 1891 2265 1939 donec
2312 1883 2381 1938 Ο.

1307 1956 1646 2007 misceatur.‘
1689 1952 1885 2013 Graeci
1914 1954 2155 2007 dicerent
2180 1954 2282 2015 ἕως
2307 1950 2382 2009 ἄν

1308 2021 1502 2098 ἔςβάλῃ
1530 2027 1605 2081 εἰς
1633 2021 1732 2087 τὸν
1754 2017 2043 2076 Ὠκεανόν.
2084 2023 2157 2076 cf.
2187 2022 2382 2076 Strabo

1310 2093 1409 2155 15,
1454 2113 1506 2163 p.
1545 2093 1665 2144 690.
1708 2091 1773 2153 de
1819 2092 2105 2144 arboribus
2146 2090 2381 2159 Indicis:

1307 2157 1428 2215 εἶτα
1468 2158 1568 2227 τὴν
1608 2163 1807 2226 λοιπην
1833 2154 2063 2226 αὔξησίν
2088 2159 2386 2233 κατωφερῇ

1308 2225 1723 2302 λαμβάνουσιν,
1763 2228 1865 2288 ἕως
1889 2225 1961 2280 ἄν
1999 2225 2257 2298 ἅψωνται
2291 2231 2388 2295 τῆς

223 2300 389 2348 donec
433 2295 657 2347 Oceano
701 2282 1051 2351 ml'Sceaturss‹
1115 2292 1222 2345 Er·-
1308 2302 1428 2370 γῆξ.
1499 2298 1695 2351 Noster
1720 2298 1777 2350 in
1809 2297 1998 2356 Germ.
2044 2317 2088 2355 c.
2122 2300 2172 2353 1.
2211 2302 2387 2350 donec

1308 1760 1448 1809 etc„
1509 1758 1571 1800 ut
1619 1749 1822 1817 cogites
1860 1748 2113 1802 Rhenum
2164 1766 2385 1803 servare
2484 1802 2488 1808 ,
2544 1773 2548 1777 ·

154 2364 355 2419 nestius
390 2363 632 2419 malebat
668 2363 964 2423 mis-cetum
1019 2381 1225 2415 conce-

150 2435 244 2496 dite
275 2443 452 2486 tamen
514 2431 631 2485 aliis
688 2430 848 2485 etiam
898 2430 1033 2484 locis
1083 2449 1223 2484 con-

148 2502 454 2558 iunctivum
530 2496 845 2571 particulae
901 2504 1078 2552 donec
1147 2499 1227 2554 sic

146 2573 319 2642 iungi.
380 2572 529 2623 Bene
557 2569 719 2637 igitur
744 2590 773 2622 a
797 2568 1093 2623 mutatione
1126 2570 1228 2621 ab·

145 2640 354 2695 stinuit.
407 2639 547 2692 Nam
578 2639 797 2712 vulgare
826 2637 961 2690 illud
988 2657 1227 2708 quorun·

149 2711 274 2763 dam
322 2706 810 2778 grammaticorum
855 2716 1228 2768 commentum

149 2773 214 2831 de
259 2774 526 2849 particula
569 2780 743 2848 donee
783 2776 992 2857 egregie
1035 2775 1242 2830 falsum·

146 2857 245 2900 est.
314 2843 528 2898 Dicunt
559 2861 678 2896 eam
708 2864 838 2914 pom
865 2864 990 2896 cum
1029 2843 1229 2907 indica-

60 2979 63 2986 ,
147 2917 288 2977 tivo,
323 2913 417 2966 ubi
448 2911 745 2965 terminum
774 2912 1065 2983 signi-licam
1099 2930 1229 2976 cum

152 2981 536 3043 coniunctim,
607 2981 702 3033 ubi
757 2981 1045 3034 consilium
1109 2981 1228 3034 ani-

150 3070 418 3121 mumque
444 3050 668 3118 agentis.
732 3048 812 3101 Ne
838 3049 1044 3110 credas.
1101 3048 1232 3101 Do-

149 3140 250 3173 nec
294 3118 917 3187 nunquam‚consilium
967 3127 1058 3171 aut
1107 3117 1231 3169 ani-

153 3208 306 3242 mum
335 3186 540 3257 agentis
567 3186 610 3239 si
689 3186 859 3249 ificat,
891 3205 1102 3256 semper
1127 3195 1233 3237 ter-

153 3258 413 3311 minum-¹
475 3206 863 3321 Quodnautem
904 3255 969 3307 de
1005 3254 1232 3307 consilio

157 3336 209 3380 et
243 3326 429 3379 animo
467 3322 672 3391 agentis
711 3324 985 3385 scribunt,
1033 3323 1085 3374 id
1119 3343 1234 3376 non

155 3406 231 3448 est
257 3396 315 3447 in
336 3392 609 3462 particula
635 3396 833 3456 donec,
870 3390 963 3445 sed
989 3391 1044 3443 in
1068 3391 1233 3446 totius

157 3461 542 3517 enuntiationis
563 3459 731 3511 modo
754 3479 818 3513 ac
842 3459 1072 3512 ratione.
1113 3460 1235 3513 Hoc
1272 3479 1279 3482 ’

158 3533 256 3585 sibi
282 3530 505 3589 volunt,
557 3528 915 3583 indicativum
942 3530 1102 3598 poni,
1138 3529 1232 3580 ubi

158 3600 330 3670 agitur
378 3618 468 3651 res
519 3606 673 3650 certo
711 3597 949 3667 quodam
986 3605 1232 3667 tempore

162 3670 427 3738 certisque
469 3663 797 3721 auctoribus.
831 3664 973 3719 facta
1021 3666 1109 3719 vel
1158 3664 1234 3717 fa-

161 3737 377 3802 cienda;
448 3733 862 3788 coniunctimm
909 3749 1090 3796 vero,‘
1141 3732 1236 3785 ubi

1308 2371 1371 2420 in
1414 2368 1711 2421 Ponticum
1754 2384 1916 2418 mare
1952 2384 2064 2419 sex
2108 2368 2389 2418 meatibus

1310 2446 1593 2505 erumpat.
1648 2422 1771 2487 vidss
1800 2435 1873 2488 ibi
1904 2445 2018 2487 not.
2063 2435 2203 2488 lbid;
2234 2434 2388 2488 mss.

1310 2508 1485 2560 donec
1535 2504 1594 2555 in
1634 2503 1829 2557 Cattos
1880 2512 2059 2571 usque
2107 2505 2385 2566 sinuetur.
2466 2502 2474 2512 '

1315 2574 1531 2644 Quodsi
1554 2574 1778 2645 scribis:
1818 2577 1989 2624 donec
2018 2572 2245 2625 Oceano
2275 2575 2390 2623 mi·-

1312 2654 1533 2707 scetur3
1588 2652 1709 2693 tum
1756 2642 1913 2694 dicis:
1971 2641 2210 2712 primum
2248 2640 2389 2694 Rhe·

1314 2729 1449 2765 num
1478 2727 1692 2766 servare
1722 2729 1957 2773 nomen,
2001 2711 2128 2766 dein
2164 2709 2384 2763 misceri

1317 2780 1577 2838 Oceann,
1628 2788 1687 2830 ut
1724 2780 1797 2832 ita
1832 2778 2074 2832 alterurn¹
2109 2798 2171 2831 ex
2215 2780 2386 2831 altero

1313 2870 1429 2904 non
1455 2848 1712 2919 pendeat,
1749 2849 1841 2899 sed
1870 2857 2079 2900 constet
2102 2863 2201 2918 per
2226 2866 2300 2899 se.
2339 2847 2342 2848 ⁷
2427 2859 2432 2866 '

1393 2918 1571 2970 latior
1638 2924 1694 2967 et
1755 2916 2038 2981 placidior
2108 2914 2390 2985 adfluens-

1313 2985 1407 3040 Sic
1434 2986 1554 3040 edd.
1586 2984 1831 3038 Beroald.
1859 2983 2033 3037 Rhen.
2059 3002 2179 3053 sqq.
2214 2993 2266 3036 et
2290 3003 2388 3036 nu·

1313 3074 1413 3125 per
1467 3051 1757 3105 Bekkerus.
1862 3051 2141 3105 Ernestius
2192 3060 2245 3103 et
2294 3050 2428 3121 qui„

1317 3119 1445 3176 eum
1486 3120 1656 3173 secuti
1690 3131 1817 3192 ¹sunt
1856 3132 1978 3172 ante
2003 3118 2265 3187 adfluens
2286 3119 2386 3172 ad-

1318 3192 1455 3245 dunt
1498 3198 1578 3253 et,
1625 3190 1803 3259 quod,
1855 3188 1900 3241 si
1930 3189 2059 3242 libri
2083 3198 2211 3242 v‘ett.
2241 3188 2389 3241 addi-

1318 3269 1537 3321 cerent,
1593 3277 1703 3310 non
1742 3259 1901 3327 plane
1941 3257 2186 3327 ineptum
2232 3266 2388 3310 esset.

1318 3330 1442 3382 lam*
1473 3326 1617 3379 enim
1652 3326 1755 3379 tria
1780 3336 1952 3396 essent
1985 3324 2244 3395 epithetat
2296 3327 2388 3376 la-

1319 3400 1463 3458 tior,
1496 3394 1804 3462 placidior,
1852 3394 2117 3464 adfluens
2139 3392 2197 3446 h.
2221 3413 2268 3447 e.
2300 3395 2389 3446 ab·

1318 3464 1546 3517 undanti
1580 3479 1718 3532 aqua
1757 3463 1949 3516 fluens.
2014 3462 2085 3514 cs.
2128 3462 2388 3515 Ambros.

1316 3553 1474 3586 serm.
1513 3533 1600 3584 81.
1647 3550 1700 3602 p.
1741 3532 1860 3585 379.
1898 3530 2394 3601 adfluenttssimus

1301 3602 1546 3672 fluviuS.
1628 3601 1825 3654 Noster
1858 3599 1987 3652 infr.
2029 3600 2111 3662 15,
2149 3598 2234 3654 54.
2279 3602 2391 3651 ad-

1303 3669 1586 3739 fluentius
1640 3673 1804 3721 solito
1853 3661 2197 3730 conm'vium;
2256 3667 2387 3722 llist.

1324 3742 1372 3797 1,
1422 3738 1507 3790 57.
1565 3739 1898 3803 praesentia
1957 3755 2033 3796 ex
2094 3734 2386 3802 adfluenea‘.

161 3805 421 3858 terminus
460 3813 542 3856 est
581 3801 642 3854 in
679 3821 739 3853 re
767 3820 881 3855 non
910 3812 1058 3855 certo
1090 3821 1239 3872 quo-
1323 3805 1580 3859 Ceterum
1619 3805 1763 3860 totus
1801 3807 1954 3858 locus
1983 3804 2172 3856 melius
2201 3804 2388 3857 distin-

159 3873 594 3943 dam‘tempore,
619 3888 745 3931 non
788 3870 948 3923 certis
990 3871 1236 3925 auctori-

153 3943 250 3997 bus
267 3983 282 4005 ,
318 3943 419 3996 sed
448 3940 666 4017 saepius
692 3949 743 4000 et
767 3960 796 3992 a
823 3938 1070 4009 pluribus
1095 3941 1257 3993 facta*

151 4013 228 4067 vel
250 4010 542 4071 facienda,
583 4026 702 4060 slve
727 4006 786 4060 in
810 4025 900 4067 re,
948 4028 1083 4079 quae
1118 4007 1234 4059 fie'ri

147 4078 382 4156 q'uidem‘
409 4087 642 4158 potesh·
680 4075 857 4128 adhuc
881 4095 1007 4129 vero
1033 4078 1235 4147 pendet

142 4174 203 4209 ex
226 4171 383 4207 mera
411 4153 774 4217 cogitatione.
837 4146 922 4198 De
944 4146 1232 4199 indicativo

140 4223 217 4279 cf.
256 4222 368 4275 An.
415 4221 466 4280 1,
506 4214 561 4266 5.
633 4212 717 4272 15,
758 4214 841 4266 10.
883 4214 966 4268 54.
1021 4215 1102 4277 16,
1143 4213 1231 4266 84.

137 4292 280 4350 Hist.
326 4292 379 4355 1,
415 4287 474 4342 9.
515 4282 608 4338 87.
649 4282 735 4336 82.
774 4282 842 4337 de
877 4282 1232 4340 coniunctiv‘o
1262 4321 1267 4326 -

1320 3874 1566 3945 guendus
1607 3887 1749 3938 erat,
1794 3874 1943 3945 quod
1979 3873 2227 3927 fecimus.
2298 3872 2388 3927 Ad
2449 3879 2453 3885 “

1317 3946 1516 3996 verba:
1566 3948 1645 3995 ad
1685 3943 1966 3995 Gallicam
2010 3969 2079 3982 -
2115 3938 2388 4007 adfluens,

1317 4001 1556 4081 intellige
1581 4012 1810 4067 verbum
1838 4010 2246 4071 substantivum,
2273 4018 2392 4062 tum
2419 4027 2424 4031 ’
2464 4000 2498 4020 ”

1316 4081 1713 4140 anacoluthon,
1749 4079 1895 4149 quod
1920 4077 2149 4150 Wolfio
2175 4077 2389 4134 videba-

1316 4158 1448 4213 tur.
1480 4149 1699 4206 nullum
1721 4159 1819 4201 est.

1334 4229 1345 4239 ‘
1390 4219 1692 4284 Vahalem.
1766 4217 1857 4270 Sic
1893 4215 2015 4269 edd.
2055 4214 2175 4268 Ber.
2212 4213 2386 4267 Rhen.

1318 4304 1444 4360 sqq.
1546 4287 1591 4340 1.
1648 4284 1935 4370 Gronoyio
1989 4293 2214 4339 testante
2264 4284 2388 4362 cod.
