2794 5085
394 327 546 398 310
606 414 611 421 ³
702 342 709 357 ‘
1191 322 1816 397 ANNALIUM
2053 306 2068 323 ⁹
2241 316 2522 416 2:332:

502 484 509 491 ’
601 472 875 551 XVIII.
912 476 1103 566 Qua
1155 501 1361 549 causa
1406 476 1489 552 C.
1530 475 1790 548 Silium
1840 490 1910 572 et
1951 474 2226 547 Titium
2267 478 2630 551 Sabinum

396 581 827 672 adgreditur.
877 580 1186 650 amicitia
1211 577 1624 650 Germanici
1648 580 2044 672 perniciosa
2073 581 2360 672 utrique
2377 636 2400 666 ,
2421 560 2628 654 *Silio

399 698 470 755 et
510 684 704 778 quod
739 680 1047 771 ingentis
1095 682 1439 751 exercitus
1485 696 1750 774 septem
1787 706 1916 772 per
1957 704 2185 750 3111103
2220 684 2631 755 moderator
2693 686 2698 691 ’

397 785 761 879 partisque
812 786 1004 877 apud
1041 780 1502 853 Germaniam
1549 779 2105 874 triumphalibus
2150 782 2631 856 Sacroviriani
2725 774 2740 869 '2

398 887 575 958 belli
618 886 847 968 victor
862 940 883 969 ‚
947 900 1213 978 quanto
1259 884 1527 954 maiore
1568 886 1758 954 mole
1787 885 2182 976 procideret
2201 940 2222 969 ‚
2281 888 2448 977 plus
2487 889 2630 958 for-

399 988 697 1057 midinis
772 986 854 1054 111
931 986 1107 1055 alios
1170 987 1720 1078 dispergebatur.
1849 984 2251 1057 Credebant
2309 989 2628 1082 plerique

405 1104 684 1160 auctam
739 1087 1207 1157 offensionem
1261 1089 1485 1180 ipsius
1523 1089 2065 1178 intemperantia
2109 1088 2493 1159 immodice
2531 1092 2629 1160 ia-

352 1256 367 1269 ,
408 1190 663 1261 etantis
695 1212 904 1258 suum
927 1189 1227 1260 militem
1248 1191 1326 1259 in
1351 1190 1691 1283 obsequio
1721 1191 2083 1258 duravisse
2099 1244 2120 1273 ‚
2171 1214 2334 1258 cum
2380 1193 2509 1261 alii
2545 1195 2629 1263 ad

407 1292 791 1361 seditiones
830 1292 1402 1382 prolaberentur:
1454 1296 1702 1385 neque
1723 1284 2139 1360 mansurum
2164 1290 2461 1362 Tiberio
2502 1295 2630 1362 im-

405 1393 722 1486 perium3
779 1393 842 1461 si
880 1392 969 1460 iis
1001 1417 1283 1485 quoque
1312 1393 1714 1483 legionibus
1738 1393 1994 1483 cupido
2025 1394 2343 1462 novandi
2371 1396 2630 1470 fuisset.

407 1493 697 1567 Destrui
749 1517 878 1586 per
935 1489 1109 1564 haec
1159 1497 1521 1563 fortunam
1587 1518 1786 1563 suam
1838 1491 2095 1563 Caesar
2157 1495 2632 1591 imparemque

406 1610 608 1667 tanto
635 1596 890 1665 merito
916 1597 1223 1666 rebatur.
1326 1620 1496 1665 nam
1520 1595 1860 1665 beneficia
1885 1619 1967 1664 eo
1993 1619 2217 1689 usque
2243 1596 2428 1668 laeta
2457 1614 2634 1685 sunt,

410 1700 586 1768 dum
614 1692 733 1766 vid
743 1711 950 1766 entur
981 1696 1246 1765 exsolvi
1269 1721 1507 1788 posse:
1547 1698 1676 1767 ubi
1698 1699 2004 1767 multum
2031 1711 2483 1786 antevenere,
2511 1727 2632 1794 pro

321 1820 330 1834 ·
410 1800 634 1895 gratia
663 1800 911 1868 odium
942 1799 1285 1870 redditur.

618 1914 816 1988 XIX.
867 1912 1045 1985 Erat
1071 1938 1251 1985 uxor
1277 1913 1455 1987 Silio
1487 1912 1690 1999 Sosia
1709 1914 1954 2001 Galla,
2001 1914 2287 1987 caritate
2308 1913 2639 2011 Agrippi-

418 2044 555 2090 nae
606 2019 834 2087 invisa
878 2018 1211 2109 principi.
1314 2013 1448 2086 hos
1493 2018 1756 2109 corripi
1797 2019 2017 2088 dilato
2059 2019 2149 2087 ad
2195 2032 2475 2111 tempus
2517 2021 2640 2091 Sa-

415 2123 591 2192 bino
625 2120 993 2212 placitum:
1046 2119 1538 2213 immissusque
1565 2118 1797 2188 Varro
1832 2120 2112 2205 consul,
2168 2121 2294 2213 qui
2323 2136 2640 2212 paternas

416 2222 825 2293 inimicitias
857 2223 1249 2299 obtendens
1277 2210 1465 2292 odiis]
1494 2221 1736 2292 Seiani
1759 2245 1887 2313 per
1918 2223 2216 2291 dedecus
2246 2248 2455 2292 suum
2491 2248 2644 2313 gra-

419 2325 839 2395 tificabatur.
940 2321 1280 2392 Precante
1310 2348 1431 2393 reo
1466 2325 1757 2393 brevem
1790 2348 2096 2407 moram,
2157 2325 2331 2392 dum
2370 2350 2646 2419 accusa-

356 2450 361 2453 ·
419 2441 537 2498 tor
591 2425 957 2495 consulatu
1017 2425 1276 2509 abiret,
1347 2426 1753 2494 adversatus
1809 2437 1912 2492 est
1966 2421 2244 2496 Caesar.
2363 2428 2646 2496 solitum

423 2528 699 2622 quippe
712 2526 1232 2614 magistratibus
1255 2526 1446 2596 diem
1475 2526 1770 2618 privatis
1799 2526 2064 2595 dicere:
2100 2552 2229 2597 nec
2255 2528 2647 2619 infringen-

423 2631 599 2699 dum
643 2626 953 2696 consulis
997 2628 1144 2711 ius,
1195 2628 1393 2697 cuius
1432 2628 1698 2716 vigiliis
1739 2625 2119 2713 niteretur,
2169 2654 2260 2697 ne
2305 2634 2500 2724 quod
2541 2655 2647 2700 res

423 2730 706 2832 publica
740 2728 1244 2809 detrimentum
1272 2731 1594 2828 caperet.x
1669 2728 2052 2822 Proprium
2084 2730 2160 2799 id
2190 2729 2489 2802 Tiberio
2520 2733 2648 2803 fuit

298 3027 301 3030 -
376 3005 379 3010 “
410 3029 439 3048 A.
496 2992 633 3049 cu.
670 2992 752 3047 18.
829 2990 957 3063 Qua
986 3007 1173 3045 eausa.
1244 2991 1338 3047 Sic
1372 2993 1497 3050 edd.
1580 3000 1699 3046 test.
1728 2988 1951 3044 Picben.
1984 2991 2104 3044 edd.
2132 2990 2254 3048 Ber,
2275 2992 2394 3046 Alc.
2415 2993 2647 3051 Rhenau.

428 3061 558 3116 Ber.
578 3064 700 3116 Alc.
726 3060 969 3114 Rhenan.
1002 3059 1126 3112 Ald.
1158 3069 1209 3113 et
1237 3063 1498 3114 recentio·
1582 3060 1705 3113 Ald.
1742 3093 1813 3103 —-
1883 3059 2115 3112 Pichena
2142 3060 2197 3110 in
2226 3061 2349 3118 edd.
2385 3063 2534 3133 Lips.
2566 3063 2651 3116 in-

427 3145 517 3185 res
553 3131 680 3184 inde
720 3150 751 3184 a
780 3130 924 3198 Li'ps.
952 3130 1145 3201 prima.
1205 3129 1498 3182 Rhenanus
1582 3139 1803 3182 venerat
1851 3129 2241 3192 dispergatur,
2309 3132 2651 3204 reposuitque

427 3199 531 3254 nisi
583 3200 743 3255 fallor
792 3198 926 3252 1544
976 3196 1213 3251 ediderat
1266 3216 1381 3271 qua
1423 3203 1498 3251 de
1582 3216 1765 3250 veram
1794 3196 2134 3266 scripturam.
2327 3218 2332 3226 ¹

428 3287 632 3335 causa,
683 3267 760 3323 uti
789 3277 867 3321 est
892 3266 949 3318 in
975 3264 1060 3318 ed.
1090 3266 1209 3319 Mic
1247 3266 1303 3319 ΙΙ.
1654 3265 1871 3316 destrui
1911 3303 1924 3317 .
1953 3302 1967 3317 .
1998 3301 2013 3318 .
2053 3267 2299 3319 rebc'ztur.
2327 3313 2358 3342 4
2386 3267 2513 3328 Hoc
2560 3268 2653 3320 sibi

500 3337 808 3398 asaiam.
882 3334 953 3386 cf.
975 3337 1020 3397 1,
1036 3333 1120 3386 32.
1148 3336 1199 3394 2,
1252 3372 1267 3387 .
1305 3334 1458 3394 3‚43.
1588 3334 1706 3386 vult
1748 3332 1999 3394 Tacitus:
2059 3331 2253 3385 Caesar
2302 3337 2523 3389 rebatur
2566 3356 2653 3407 per

501 3406 708 3460 Titium
741 3404 1036 3456 Sabinum.
1108 3404 1356 3457 Muretus
1400 3422 1508 3456 vo-
1589 3400 1721 3455 haec
1748 3399 1916 3463 effici,
1953 3411 2008 3453 ut
2038 3420 2150 3454 non
2178 3401 2398 3455 fortuna
2423 3425 2545 3466 sua,
2570 3405 2654 3457 sed

431 3473 575 3532 lebat
603 3472 890 3529 Titurium
920 3472 1057 3524 Sab.
1097 3483 1317 3541 propter
1345 3472 1400 3523 T
1395 3476 1508 3530 itu·
1591 3467 1707 3526 Silii
1763 3471 1955 3524 merito
2009 3470 2073 3522 ad
2131 3471 2337 3541 imperii
2388 3472 2654 3542 fastigium

431 3543 581 3600 rium
605 3540 882 3598 Sabinum
898 3577 927 3606 ¹.
964 3540 1058 3609 qui
1081 3549 1159 3592 est
1186 3539 1324 3611 apud
1356 3539 1507 3599 Caes.
1592 3549 1810 3592 evectus
1836 3556 1947 3594 esse
1975 3531 2464 3609 videreturpquod
2494 3544 2536 3595 si
2566 3542 2660 3593 ad-

431 3609 500 3663 Β.
530 3607 599 3662 G.
618 3608 762 3673 5,24.
837 3606 994 3675 Quae
1019 3617 1197 3664 tamen
1226 3608 1364 3665 ratio
1395 3628 1507 3662 non
1593 3606 1865 3670 mittatur,
1915 3605 2028 3662 Silii
2068 3608 2318 3659 meritum
2364 3611 2537 3667 maius
2578 3609 2657 3661 vi-

434 3678 636 3733 sufficit
678 3677 744 3734 ad
790 3675 1256 3751 comprobandam
1297 3678 1508 3735 Mureti
1594 3674 1736 3733 deri,
1785 3693 1944 3743 quam
1970 3686 2028 3727 ut
2057 3676 2166 3746 ipse
2198 3695 2298 3745 pro
2329 3675 2549 3736 fortuna
2572 3698 2659 3731 sua

431 3745 884 3802 emendationem.
1230 3759 1231 3764 ’
1591 3741 1888 3811 rependere
1913 3744 2097 3812 possit.
2149 3743 2506 3799 Germanice:
2536 3749 2660 3800 Cae·

542 3816 794 3888 artesque
833 3852 847 3867 .
883 3850 899 3868 .
939 3851 956 3867 .
995 3851 1010 3868 .
1049 3814 1506 3880 triumphalibus,
1592 3829 1693 3865 sm·
1716 3813 1939 3878 glaubte
1955 3850 1972 3873 ‚
2009 3815 2129 3863 sein
2151 3814 2323 3863 Gmck
2353 3822 2545 3867 milsse
2569 3820 2661 3868 da·

493 3921 510 3940 .
541 3889 587 3947 1,
616 3884 703 3936 72.
1124 3899 1127 3904 ·
1594 3882 1772 3932 durch
1796 3883 1906 3930 den
1934 3881 2122 3932 Ruhm
2152 3879 2438 3950 et'nbitjsen
2463 3888 2581 3935 und
2602 3902 2661 3936 so

503 3951 567 4007 S.
595 3953 729 4008 belli
748 3952 940 4003 viceor.
1013 3950 1086 4004 cf.
1113 3948 1165 4014 3,
1191 3950 1262 4002 40
1287 3967 1411 4026 sqq.
1593 3947 1844 4016 ειν-(1133111
1860 3949 1923 3999 V
1916 3953 2195 4002 erdiensle
2220 3958 2397 4003 etwas
2416 3955 2661 4019 schuldig

499 4023 834 4091 procideret.
904 4017 998 4072 Sic
1030 4019 1152 4071 edd.
1180 4019 1353 4072 Rhen.
1387 4038 1507 4089 sqq.
1596 4021 1819 4069 bleiben.
2623 4025 2626 4028 '

436 4090 576 4144 Edd.
614 4091 739 4142 Ber.
778 4088 901 4140 A1c.
947 4092 1306 4153 procederet,
1361 4089 1511 4156 quod
1664 4079 1901 4138 Qum.
1976 4086 2197 4152 corripi.
2269 4086 2363 4141 Sic
2388 4087 2509 4142 edd.
2540 4088 2660 4143 Ber.

438 4157 797 4212 Victor-{usin
823 4174 923 4209 suo
952 4156 1177 4227 exempl.
1207 4165 1513 4209 correxerat
1596 4153 1717 4210 Alo.
1772 4152 2015 4217 Rhenan.
2065 4169 2089 4205 s
2134 4174 2186 4224 q.
2254 4154 2448 4208 hic‘et
2514 4177 2563 4212 e.
2611 4159 2661 4211 3.

434 4228 780 4301 procidet-eu
1551 4220 1870 4275 ‘·-Bekkerus
1904 4221 1994 4275 hie
2033 4222 2099 4274 de
2142 4225 2176 4276 it
2217 4228 2501 4291 com-ipiet
2539 4225 2661 4290 αδ.

508 4297 955 4365 dispergebatur.
1061 4292 1154 4348 stc
1206 4293 1331 4349 eod.
1382 4290 1507 4351 MS.
1596 4290 1891 4357 corripere.
1992 4349 2004 4358 ³
2370 4294 2372 4297 ⁴
