2794 5085
287 408 295 420 ·
386 382 542 487 ⁸³6
1118 364 1864 462 ‘ANN'AmUM‘
2135 381 2526 485 zaram

387 571 576 632 sem,
609 544 756 618 ubi
781 544 1012 637 specie
1039 544 1443 616 studiorum
1468 568 1737 624 nomen
1764 506 1993 615 exsilii
2020 552 2414 635 tegeretur.
2497 537 2639 612 ha-

313 714 317 721 ,
384 650 584 721 bitus
606 661 846 719 tamen
872 646 1221 739 supremis
1251 641 1491 717 honor
1517 652 1814 743 ossaque
1844 648 2123 719 tumulo
2152 643 2642 717 Octaviorum

385 751 611 822 inlata
638 774 771 844 per
797 749 1160 818 decretum
1187 760 1495 821 senatus.

588 847 818 924 XLV.
921 845 1185 929 Iisdem
1219 828 1633 923 consulibus
1660 806 1937 937 facinus
1960 862 2176 920 atrox
2190 850 2273 918 in
2299 848 2639 919 citeriore

272 992 276 998 ·
385 952 736 1048 Hispania
773 952 1179 1022 admissum
1201 974 1246 1021 a
1269 953 1585 1047 quodam
1611 952 1867 1042 agresti
1894 951 2210 1023 nationis
2235 949 2643 1037 Termesti-

385 1079 569 1134 nae..
645 1054 709 1123 is
740 1065 1140 1147 praetorem
1173 1053 1587 1147 provinciae
1612 1052 1699 1127 L.
1721 1053 2073 1124 Pisonem
2092 1077 2265 1146 pace
2309 1052 2642 1122 incurio-

386 1181 548 1229 sum
576 1180 662 1226 ex
689 1155 1078 1247 improviso
1102 1155 1183 1224 in
1205 1156 1465 1245 itinere
1492 1156 1798 1227 adortus·
1825 1180 1973 1226 uno
1997 1157 2314 1237 vulnere
2326 1154 2410 1222 in
2435 1177 2641 1223 mor-

294 1324 303 1331 .
386 1274 534 1331 tem
564 1257 853 1328 adfecit.
905 1281 988 1327 ac
1018 1257 1435 1350 pernicitate
1481 1257 1649 1352 equi
1688 1261 2031 1351 profugus
2071 1271 2455 1350 postquam
2493 1256 2640 1325 sal-

386 1375 631 1434 tuosos
651 1359 849 1429 locos
877 1358 1238 1449 attigerat,
1287 1359 1585 1429 dimisso
1624 1383 1805 1453 equo
1843 1383 1976 1453 per
2014 1359 2316 1452 derupta
2358 1371 2433 1427 et
2474 1357 2637 1427 avia

280 1510 281 1513 =
387 1461 746 1558 sequentis
785 1459 1164 1532 frustratus
1211 1474 1339 1536 est.
1442 1485 1675 1555 neque
1717 1462 1845 1530 diu
1883 1461 2158 1565 fefellit.
2258 1484 2432 1529 nam
2462 1483 2644 1551 pre-

384 1561 613 1637 henso
670 1563 1027 1655 ductoque
1069 1585 1201 1654 per
1249 1563 1614 1656 proximos
1653 1586 1872 1655 pagos
1913 1587 2096 1658 equo
2112 1617 2133 1648 ‚
2192 1561 2397 1632 cuius
2452 1562 2643 1630 foret

388 1667 781 1758 cognitum:
834 1678 904 1733 et
939 1674 1262 1757 repertus
1299 1688 1467 1735 cum
1496 1665 1868 1734 tormentis
1892 1666 2103 1735 edere
2130 1663 2456 1734 conscios
2478 1660 2641 1732 adi-

385 1781 710 1861 geretur,
756 1788 932 1837 voce
968 1788 1226 1855 magna
1269 1776 1596 1836 sermone
1632 1767 1864 1858 patrio
1900 1768 2166 1837 frustra
2207 1788 2281 1835 se
2322 1764 2650 1834 interro-

341 1912 345 1923 ·
385 1870 542 1963 gari
580 1866 1000 1939 clamitavit:
1047 1867 1470 1938 adsisterent
1511 1869 1685 1938 socii
1703 1896 1708 1901 ·
1727 1893 1809 1938 ac
1838 1879 2270 1961 spectarent.
2356 1866 2641 1937 nullam
2691 1910 2698 1913 -

385 1974 538 2043 vim
563 1983 839 2042 tantam
867 1968 1141 2038 doloris
1162 1969 1352 2057 fore,
1394 1982 1478 2040 ut
1509 1969 1881 2041 veritatem
1909 1970 2213 2042 eliceret.
2298 1967 2640 2060 idemque
2721 1976 2728 1991 ¹

387 2097 555 2146 cum
579 2085 863 2166 postero
893 2071 984 2141 ad
1011 2066 1527 2165 quaesitionem
1566 2067 2080 2157 retraheretur,
2128 2095 2211 2140 eo
2258 2069 2428 2140 nisu
2464 2093 2644 2162 pro-

218 2184 221 2197 '
282 2224 290 2235 ·
388 2175 617 2270 ripuit
643 2198 716 2245 se
745 2172 1161 2275 custodibus
1195 2195 1504 2266 saxoque
1539 2187 1750 2267 caput
1777 2173 2107 2258 adflixit,
2134 2184 2217 2241 ut
2246 2172 2488 2242 statim
2516 2195 2643 2238 ex-

390 2278 852 2351 animaretur.
953 2273 1098 2351 Sed
1139 2272 1307 2345 Piso
1339 2273 1965 2345 Termestinorum
2002 2274 2173 2345 dolo
2213 2295 2460 2345 caesus
2501 2266 2642 2340 ha-

388 2380 632 2452 betur·
683 2377 813 2473 qui
845 2375 1185 2468 pecunias
1224 2401 1265 2446 e
1303 2376 1596 2470 publico
1639 2377 2060 2509 interceptas
2101 2376 2371 2461 acriuS‚
2423 2378 2643 2468 quam

284 2480 289 2487 ”
389 2496 475 2553 ut
495 2482 885 2553 tolerarent
909 2476 1243 2564 barbari,
1286 2478 1602 2569 cogebat.

504 2633 509 2636 -
595 2577 862 2653 XLVI.
963 2575 1275 2649 Lentulo
1317 2576 1730 2667 GaetulicO,
1790 2574 1874 2651 C.
1914 2538 2226 2652 Calvisio
2282 2603 2461 2658 coss,
2510 2578 2642 2649 de-

391 2697 582 2757 creta
614 2672 1033 2786 triumphi
1008 2679 1319 2798 msignia
1353 2678 1688 2774 Poppaeo
1738 2677 2011 2752 Sabino
2052 2681 2368 2754 contusis
2399 2675 2642 2752 Thra-
2748 2690 2751 2692 ’

392 2810 561 2857 cum
586 2771 952 2875 gentibus,
1001 2782 1128 2876 qui
1156 2782 1516 2854 montium
1544 2783 1756 2884 editis
1778 2783 2036 2853 inculti
2069 2797 2282 2878 atque
2323 2807 2410 2852 eo
2433 2784 2642 2852 fero·

277 2907 284 2913 ·
393 2887 546 2958 cius
581 2885 964 3003 agitabant.
1065 2879 1298 2956 Causa
1333 2897 1573 2956 motus
1600 2879 1813 2978 super
1837 2880 2273 2956 hominum
2250 2884 2641 2975 ingenium,

393 2985 607 3085 quod
615 2986 767 3081 pati
793 2986 1106 3062 delectus
1131 2999 1203 3056 et
1225 2987 1750 3056 validissimum
1774 3011 2129 3081 quemque
2156 2986 2462 3058 militiae
2506 3011 2638 3055 no-

393 3102 580 3163 strae
603 3092 773 3161 dare
802 3087 1396 3180 aspernabantur,
1448 3112 1542 3158 ne
1573 3088 1859 3180 regibus
1890 3088 2181 3182 quidem
2208 3112 2462 3181 parere
2502 3088 2639 3156 nisi

395 3217 482 3263 ex
508 3192 816 3263 libidine
854 3186 1046 3260 soliti
1063 3242 1087 3274 ‚
1133 3203 1257 3262 aut
1284 3190 1349 3259 si
1370 3190 2057 3276 mitterent‘auxilia‘,
2104 3214 2270 3261 suos
2310 3192 2639 3262 ductores

310 3313 314 3318 ·
395 3294 776 3406 praeficere
832 3313 965 3361 nec
1008 3291 1154 3361 nisi
1198 3292 1581 3363 adversum
1630 3287 1916 3362 adcolas
1965 3291 2407 3382 belligerare.
2536 3286 2639 3361 Ac

467 3583 606 3641 CAP.
622 3583 715 3638 45.
783 3585 1013 3651 agresti.
1087 3583 1181 3639 sio
1206 3584 1330 3641 cod.
1349 3557 1475 3640 MS.
1564 3584 1665 3653 (cf.
1696 3584 1748 3645 2,
1771 3583 1859 3639 30.
1894 3583 1979 3649 14,
2003 3584 2111 3654 60.)
2138 3582 2346 3655 vulgari
2375 3584 2640 3667 scriptura

395 3664 521 3709 test.
550 3653 660 3708 Iac..
693 3649 944 3708 Gronov.
976 3654 1102 3708 edd.
1130 3653 1323 3708 Oberl.
1359 3673 1385 3707 s
1564 3653 1845 3707 uteretur?
1881 3653 1997 3706 Pro
2022 3652 2200 3707 lubitu
2224 3671 2353 3706 eum
2368 3653 2453 3708 sic
2476 3653 2640 3724 egisse

336 3752 341 3756 ·
396 3730 624 3804 agreste
660 3719 786 3775 edd.
826 3721 952 3776 Ber.
988 3741 1107 3794 sqq.
1170 3722 1399 3777 MoxA
1344 3672 1480 3776 As}
1562 3741 1729 3775 nemo
1753 3722 1885 3776 mihi
1908 3720 2275 3793 persuadebit·

399 3790 603 3847 omittit
630 3791 680 3844 ίε
703 3800 830 3844 ante
849 3801 1202 3858 praetorem.
1627 3807 1903 3873 pecunias
1947 3824 1979 3859 θ
2011 3808 2238 3874 publico
2284 3808 2639 3875 msa-“pm

465 3880 526 3930 in
567 3883 812 3931 mortem
847 3873 1078 3942 adfecit.
1164 3873 1259 3931 Sic
1301 3877 1350 3935 1,
1387 3865 1475 3930 57.
1564 3875 1812 3958 Intellige
1837 3884 2089 3938 retentas,
2117 3891 2235 3927 non
2262 3874 2468 3929 solutas
2496 3895 2527 3928 a
2550 3874 2641 3927 de·
2747 3875 2754 3880 ’

397 3946 548 4000 victa
570 3947 631 3999 1⁰11
652 3944 946 3998 lacrimas.
1002 3944 1073 3997 cf.
1095 3954 1211 3998 not.
1236 3944 1304 3998 ad
1325 3944 1477 4009 262.
1563 3935 1830 4000 bitoribus
1866 3943 1947 3997 rei
2029 3943 2259 4000 ublicae.
2331 3942 2642 3997 Gronovius

396 4015 534 4070 Mox
582 4011 713 4067 Ald.
766 4013 1113 4081 sequenteis,
1180 4011 1261 4077 uti
1321 4014 1479 4068 solet.
1563 4011 1713 4066 iubet
1738 4011 1980 4067 conferri
2041 4011 2139 4067 lin.
2165 4013 2460 4083 ep.1o,28
2481 4022 2536 4067 et
2555 4012 2637 4067 34.

399 4084 685 4153 sequentis
713 4081 836 4136 cod.
861 4081 989 4136 Ms.
1136 4097 1137 4104 ¹
1565 4080 1770 4151 Paneg.
1813 4100 1863 4136 c.
1889 4082 1978 4135 70.
2051 4097 2054 4102 ·

467 4171 548 4221 a'd
569 4151 1005 4248 quaesitionemi
1049 4162 1350 4241 ,Ἀρχαὶᾏεῶς
1373 4163 1481 4219 hoc
1561 4211 1566 4216 ,
1635 4162 1773 4219 CAP.
1805 4166 1895 4221 46.
1979 4164 2293 4220 Gaetulico.
2365 4133 2472 4221 Ed.
2515 4165 2640 4219 Ber.

400 4256 516 4292 ‘²³³⁸
562 4235 860 4355 ἀῬΨὶἱέι
883 4232 1105 4367 4⁶33&
1149 4229 1481 4358 msffieqma
1563 4233 1850 4364 53ώὶἳί
1858 4235 2026 4369 iii).
2042 4234 2292 4359 {¹1¹²in
2314 4236 2643 4361 ῗῖεῗῖἕὲἶ

399 4301 1013 4444 ffssffxiffimazchntxffis
1019 4341 1312 4442 scriberet.
1403 4321 1480 4426 iobi
1564 4371 1750 4443 ibique
1776 4383 1894 4428 not.
2195 4323 2230 4375 P
