2794 5085
272 1156 277 1163 ⁴
364 1131 539 1184 Taciti
584 1132 754 1187 'verba
792 1131 1098 1184 existimant
1146 1128 1244 1181 illi.

356 368 465 447 24

1172 360 1786 439 ANNALIUM

2233 362 2281 405 A
2313 359 2380 405 U.
2398 358 2504 406 76⁷.

2234 414 2301 458 A.
2324 411 2382 456 C.
2423 414 2506 462 u.

360 514 476 595 tus
512 514 824 615 paternIs
864 521 1261 591 inimicitiis
1291 521 1528 606 datos,
1591 543 2005 614 quanquam
2039 520 2150 589 fas
2185 522 2279 590 sit
2329 524 2618 614 privata

363 626 531 695 odia
574 625 881 717 publicis
922 624 1349 694 utilitatibus
1372 623 1767 693 remittere:
1823 623 1946 691 sed
1973 620 2401 714 Pompeium
2429 625 2617 693 ima-

362 729 527 819 gine
561 728 786 819 paciS‚
835 727 959 795 sed
982 724 1336 818 Lepidum
1376 725 1607 818 specie
1648 724 2000 794 amicitiae
2039 724 2398 818 deceptos:
2449 739 2624 820 post

363 925 615 992 gratiam
638 923 837 985 tenuit,
874 923 1069 977 alteris
1083 923 1226 990 pelli
1239 940 1317 982 se,
1348 923 1446 973 al-

367 995 503 1046 teris
536 1012 652 1047 non
680 1011 790 1059 pro
821 1012 917 1062 spe
948 997 1277 1045 meritorum
1318 1000 1446 1043 tra-

361 1062 511 1114 ctari
533 1064 896 1130 querentibus.
971 1061 1179 1114 Eodem
1200 1070 1444 1181 spectggg

367 1217 599 1271 quaero,
667 1219 799 1252 num
854 1199 1151 1253 divisiones
1186 1216 1444 1267 agrorum

277 1294 283 1299 ·
362 1288 461 1340 per
491 1286 548 1321 se
581 1268 953 1337 displicuerint
983 1266 1283 1319 veteranis?
1340 1266 1444 1318 lm·

302 1346 319 1361 ⁹
364 1357 490 1398 mo,
524 1337 650 1391 satis
681 1336 760 1389 hia
790 1329 1108 1406 placebant;
1146 1335 1444 1406 quereban-

364 1417 457 1460 tur
485 1425 618 1460 vero
648 1425 709 1458 ex
738 1404 904 1458 nimia
935 1404 1244 1476 cupiditate.
1295 1402 1445 1456 Mul-

364 1485 483 1528 tum
513 1475 530 1527 i
570 1475 677 1527 itur
703 1474 879 1536 abest,
914 1485 974 1527 ut
1003 1494 1031 1527 e
1063 1480 1447 1526 veteranorum=

366 1494 603 1613 quei-ciis
640 1542 968 1614 vituperium
990 1541 1229 1613 Augusti
1271 1540 1443 1611 repeti

406 1613 563 1676 ossit,
600 1622 658 1664 ut
690 1613 867 1683 potius
898 1613 956 1664 in
988 1613 1103 1665 eius
1134 1609 1350 1663 laudem
1381 1608 1444 1659 il·

365 1631 451 1734 rae
494 1678 735 1735 ‚valeann
823 1679 1008 1733 Altera
1055 1678 1299 1751 quaestio
1349 1688 1447 1735 est.

369 1767 504 1805 num
549 1750 746 1802 verba:
807 1767 877 1801 ne
905 1787 919 1802 .
948 1788 964 1802 .
991 1751 1327 1809 .laudatas,
1375 1745 1446 1799 ad

371 1817 668 1871 divisiones
722 1837 982 1900 agrorum
1031 1827 1237 1870 tantum
1287 1810 1448 1883 perti·

367 1895 563 1950 neant,
598 1906 665 1940 an
705 1897 864 1940 eham
902 1884 1184 1939 referenda
1232 1883 1340 1936 sint
1378 1881 1448 1934 ad

368 1955 826 2027 proscriptionem
897 1954 1134 2008 civium?
1205 1951 1347 2004 Illud
1403 1948 1449 2002 si

371 2022 587 2086 statuis,
634 2024 855 2077 Tacitus
899 2023 1020 2076 satis
1061 2025 1206 2073 nude
1240 2020 1451 2091 posuit:

308 2130 311 2133 ψ
365 2093 837 2161 proscriptionem
862 2093 1060 2145 civium
1076 2128 1091 2150 ,
1127 2092 1268 2143 inter
1289 2089 1450 2141 hasce

373 2162 665 2214 sententias
696 2162 763 2214 ad
803 2180 970 2214 unam
1008 2179 1197 2212 omnes
1243 2157 1453 2229 plenio-

372 2228 421 2282 ri
469 2230 700 2300 quadam
750 2230 1121 2282 enuntiatione
1171 2225 1451 2298 expositas.

380 2297 587 2352 Omnia
619 2298 801 2370 potius
842 2298 1095 2359 suadent,
1138 2306 1197 2350 ut
1269 2293 1453 2347 raedi-

377 2379 491 2421 cata
507 2376 527 2420 ε’
588 2386 661 2419 ne
692 2407 707 2420 .
739 2406 754 2421 .
789 2405 803 2420 .
835 2368 1131 2426 laudatas,
1192 2384 1220 2417 a

374 2435 729 2507 scriptionem
777 2434 981 2489 civium
1025 2433 1188 2486 simul
1232 2431 1454 2483 referas.

376 2503 521 2557 Tum
556 2524 691 2561 vero
724 2502 966 2575 ineptum
1012 2502 1192 2557 evadit
1222 2499 1455 2554 verbum

378 2591 588 2641 cepere.
660 2573 818 2641 Quae
860 2592 987 2626 cum
1024 2573 1096 2624 ita
1135 2572 1269 2632 sint,
1304 2566 1476 2621 rede-⁸
1549 2583 1556 2588 ’

376 2643 588 2695 undum
640 2642 742 2694 erit
790 2642 857 2694 ad
915 2641 1041 2694 cod.
1091 2641 1214 2694 MS.
1259 2636 1461 2688 vex-bat

376 2715 474 2780 qui
476 2711 691 2779 fecere.
753 2710 866 2778 Qui
902 2710 1079 2762 fecere
1108 2704 1458 2780 proscriptio-

377 2800 505 2832 nem
545 2779 749 2832 civium
791 2790 845 2831 et
873 2778 1156 2831 divisiones
1187 2792 1459 2848 agrorum,

379 2858 507 2900 sunt
560 2847 830 2900 triumviri
884 2858 936 2900 et
997 2847 1090 2919 qui
1153 2843 1474 2917 plurimum„

379 2916 524 2986 apud
561 2915 685 2968 illos
730 2927 981 2986 potuere,
1023 2925 1333 2988 spectatque
1370 2910 1461 2963 hic

310 3005 313 3008 ·
381 2984 537 3037 locus
574 2983 640 3037 ad
684 2979 859 3038 varias
901 2984 1257 3037 dissensiones
1298 2995 1463 3047 super

380 3053 777 3125 proscriptione
838 3052 1036 3106 civium
1088 3063 1140 3105 et
1193 3048 1462 3103 divisione

384 3140 638 3192 agrorum
681 3121 736 3173 in
774 3121 1191 3175 triumvirorum
1220 3116 1461 3189 partibus

384 3202 611 3244 exortas.
691 3189 829 3243 Nam
874 3189 939 3241 de
981 3189 1068 3242 illa
1112 3187 1279 3241 refert
1313 3186 1461 3237 Suet.

386 3257 515 3313 Oct.
554 3260 705 3312 027.
743 3261 946 3311 restitit
975 3259 1194 3328 quidem
1222 3253 1462 3323 (Octav.)

248 3371 249 3378 ,
311 3367 319 3386 ,
385 3330 733 3396 aliquamdiu
769 3329 1012 3392 collegis,
1060 3344 1134 3377 ne
1164 3344 1272 3392 qua
1292 3317 1464 3390 fieret

288 3439 301 3462 ,
379 3398 709 3465 proscriptio
731 3435 747 3458 ,
778 3399 879 3447 sed
916 3396 1196 3461 inoeptam
1233 3402 1471 3456 utroque·

383 3467 635 3517 acerbius
660 3465 923 3516 exercuit.
982 3467 1244 3531 Namque
1271 3461 1380 3512 illis
1405 3460 1464 3508 in

336 3553 355 3562 “
389 3538 698 3586 multorum
760 3548 926 3598 saepe
988 3549 1299 3598 personam
1361 3539 1471 3593 per

377 3605 635 3670 gratiam
661 3611 714 3653 et
734 3614 928 3668 preces
955 3602 1467 3656 exorabilibus,so·

387 3676 475 3724 lus
502 3689 710 3736 magno
736 3688 902 3736 opere
934 3672 1245 3729 contendit,
1283 3683 1356 3717 ne
1383 3660 1476 3715 cui

379 3751 729 3807 parceretur.
748 3769 816 3780 —
868 3738 1054 3808 Quum
1075 3746 1311 3803 peracta
1329 3750 1472 3799 pro-

384 3811 680 3874 scriptione
729 3808 803 3860 bs.
861 3809 1097 3874 Lepidus
1153 3810 1210 3859 in
1267 3812 1471 3856 senatu

387 3886 823 3930 excusasset
880 3871 1350 3942 praeterita,
1416 3877 1472 3920 et

389 3964 543 4011 spem
585 3946 913 3999 clementiae
954 3947 1011 4022 in
1047 3954 1334 4009 posterum
1362 3938 1468 4006 fe-

388 4018 546 4068 cisset
561 4055 578 4079 ,
637 4016 907 4084 quoniam
962 4016 1101 4066 satis
1145 4024 1468 4078 poenarum

394 4095 664 4136 exactum
727 4094 898 4147 esset3
955 4085 1102 4135 hunc
1159 4098 1188 4132 e
1248 4078 1469 4129 diverso

382 4157 727 4219 professum,
761 4152 845 4204 ita
881 4154 1114 4204 modum
1139 4165 1198 4200 se
1220 4145 1471 4214 proscri-

389 4223 561 4274 bendi
582 4221 870 4285 statuisse,
903 4230 964 4272 ut
990 4220 1183 4270 omnia
1209 4215 1313 4269 sibi
1334 4215 1472 4266 reli-

391 4294 570 4359 querit
606 4293 802 4343 libera.
888 4289 975 4342 De
1015 4284 1286 4339 divisione
1316 4302 1471 4354 agro·

391 4378 518 4413 rum
552 4358 666 4413 Dio
706 4358 864 4422 48,6.
901 4349 1012 4410 Ἠν
1046 4355 1111 4409 <n
1146 4355 1211 4408 ἓν
1239 4355 1304 4427 τῇ
1337 4354 1470 4419 κλη-

1315 2380 1453 2432 ΡΓΟ-
1489 2400 1492 2403 Δ

1529 926 1728 992 ρουχίᾳ
1780 918 2124 993 ἀμφοτέροις
2170 920 2207 985 ἡ
2243 925 2475 989 πλείστη
2525 924 2625 990 τῆς

1529 990 1823 1062 δυνάμεως
1844 993 2021 1057 ἐλπὶς,
2051 994 2144 1043 καὶ
2171 989 2265 1046 διὰ
2289 991 2445 1045 τοῦθ’
2472 984 2622 1064 ὑπὲρ

1529 1059 1699 1129 αὐτῆς
1724 1063 1950 1128 πρῶτον
1979 1057 2281 1131 ἀρξάμενοι
2312 1062 2623 1148 διεφέρον-

1528 1149 1612 1184 το.
1686 1131 1854 1183 Mox:
1888 1126 1964 1190 ὥς
1999 1133 2143 1198 γοῦν
2177 1129 2330 1197 παρὰ
2368 1148 2472 1197 την
2509 1127 2623 1184 δό-

1529 1202 1631 1262 ξαν
1658 1198 1847 1251 αὐτῶν
1885 1198 2061 1265 πολλὴ
2096 1198 2307 1275 ταραχὴ
2336 1201 2620 1271 ἐγίγνετο,

1529 1271 1624 1321 καὶ
1667 1267 1729 1322 τὸ
1769 1269 2007 1340 πρᾶγμα
2031 1269 2108 1351 ,ἐς
2143 1265 2399 1357 πόλεμον
2436 1265 2625 1339 προή-

1527 1356 1661 1408 γετο
1682 1354 1698 1375 ·
1726 1366 1798 1377 -
1843 1340 2247 1407 μετεβαλλοντο
2274 1360 2309 1401 η
2333 1341 2622 1405 refront-

1531 1406 1657 1462 ov'i'a
1708 1407 1803 1459 καὶ
1841 1403 1870 1461 ὁ
1911 1403 2151 1474 ὕπατος,
2221 1411 2392 1461 πλείω
2435 1404 2622 1462 δύνα-

1527 1493 1630 1549 μιν
1667 1476 1732 1530 ἐν
1770 1481 1887 1536 τοῖς
1925 1477 2129 1546 ἑτέροις
2162 1482 2278 1537 τοῖς
2308 1474 2624 1547 ἀδικουμέ-

1529 1563 1648 1606 νοις
1690 1543 1919 1615 σχήσειν
1957 1547 2314 1606 ἔλπίσαντεςν
2368 1551 2466 1599 καὶ
2503 1547 2642 1605 τῶνΔ

1527 1616 1638 1687 μὲν
1663 1617 2002 1685 ληψομένων
2025 1614 2152 1673 τοὺς
2180 1613 2387 1685 ἀγροὺς
2409 1616 2622 1686 ἠμέλητ-

1530 1700 1672 1749 σαν,
1720 1683 1874 1755 -πρὸς
1919 1684 1983 1737 δὲ
2032 1685 2304 1751 ἐκείνους,
2374 1681 2473 1737 ἅτε
2527 1687 2623 1736 καὶ

1530 1756 1793 1812 πλείονας
1821 1749 2013 1819 ὄντας,
2053 1756 2146 1805 καὶ
2182 1751 2360 1822 ὀργὴν
2390 1755 2625 1807 δικαίαν

1531 1817 1675 1889 ὑπὲρ
1698 1810 1779 1874 ὧν
1798 1821 2204 1890 ἀπεστεροῦντο
2225 1842 2391 1876 nomon
2440 1826 2621 1889 ένους,

1531 1888 1839 1957 ἐτράποντο
1870 1910 1921 1943 κ.
1955 1910 2005 1942 τ.
2033 1894 2083 1943 λ.
2167 1892 2234 1943 Et
2274 1892 2329 1943 in
2413 1912 2481 1944 ne
2527 1912 2624 1957 ca-

1534 1961 1687 2033 pitis2
1724 1963 1817 2012 καὶ
1842 1959 1953 2029 γὰρ
1979 1964 2074 2012 καὶ
2101 1963 2178 2029 τῷ
2197 1957 2420 2029 Μάρκῳ
2444 1963 2625 2014 ταῦτα

1533 2030 1830 2082 συνδοκεῖν
1866 2024 2139 2100 ἐνόμιζον.
2231 2029 2380 2081 Haec
2420 2030 2625 2083 viden-

1535 2110 1625 2153 tur
1687 2098 1964 2157 sufficere,
2027 2109 2088 2151 ut
2136 2109 2418 2168 appareat,
2476 2118 2625 2170 quo-

1535 2167 1705 2220 modo
1738 2166 1918 2219 dicere
1947 2167 2221 2238 potuerint
2254 2170 2624 2234 proscriptio-

1535 2253 1665 2287 nem
1700 2238 1900 2288 civium
1914 2275 1929 2298 ,
1984 2237 2273 2287 divisiones
2325 2253 2623 2301 agrorum,

1535 2321 1609 2356 ne
1660 2306 1789 2371 ipsis
1844 2305 2070 2371 quidem
2120 2305 2218 2371 qui
2249 2303 2444 2377 secere
2493 2308 2627 2356 lau-

1536 2376 1722 2425 datas.
1798 2372 1885 2424 De
1922 2372 2161 2426 formula
2205 2372 2304 2440 qui
2319 2372 2522 2440 secere
2555 2372 2626 2428 cf.

1540 2442 1759 2515 Sallust.
1786 2440 1950 2494 Catil.
1988 2461 2038 2494 c.
2063 2442 2113 2493 8.

1602 2528 1834 2594 privata
1877 2565 1890 2579 .
1918 2564 1933 2580 .
1964 2564 1980 2580 .
2017 2564 2031 2578 .
2070 2526 2376 2579 remittere.
2478 2525 2626 2582 Plin.

1543 2613 1664 2667 epp.
1714 2596 1775 2656 7,
1817 2596 1901 2649 18.
1952 2595 2070 2648 Sed
2119 2604 2342 2660 oportet
2385 2599 2629 2661 privatis

1542 2666 1873 2726 utilitatibus
1931 2664 2183 2730 publicas
2201 2702 2217 2727 ,
2289 2666 2627 2717 mortalibus

1543 2744 1812 2787 aeternas
1852 2732 2158 2799 anteferre.
2255 2731 2372 2785 Cic.
2415 2752 2468 2802 p.
2509 2734 2626 2787 red.

1543 2804 1600 2857 in
1630 2822 1746 2856 sen.
1784 2820 1832 2854 c.
1861 2802 1911 2852 8.
1964 2802 2030 2851 de
2067 2799 2318 2870 provinc.
2352 2801 2630 2855 consular.

1546 2892 1594 2925 c.
1613 2873 1695 2924 18.
1734 2870 1850 2923 Liv.
1870 2868 2021 2928 9,38.
2095 2867 2316 2924 Uneos,
2354 2869 2473 2936 quis
2493 2868 2628 2921 haec

1545 2942 1601 2994 in
1630 2937 1905 3010 prioribus
1925 2936 2045 2990 edd.
2075 2936 2205 2989 inde
2236 2956 2264 2987 a
2282 2935 2424 3006 Lips.
2451 2936 2629 3006 prima

1549 3006 2046 3064 circumdabantur,
2084 3005 2224 3058 bene
2251 3004 2470 3057 sustulit
2492 3004 2631 3057 Bek-

1549 3076 1729 3131 kprus.
1806 3074 2020 3135 Absunt
2052 3073 2212 3130 etiam
2242 3074 2308 3125 ab
2350 3073 2475 3127 edd.
2501 3074 2630 3127 Ber.

1546 3146 1722 3199 Rhen.
1743 3139 1866 3196 Ald.
1936 3142 2060 3195 Non
2083 3141 2227 3193 enim
2253 3152 2468 3211 praeter
2492 3153 2632 3195 stru·

1550 3227 1761 3270 cturam
1793 3207 1903 3265 loci
1931 3210 2097 3267 verba
2126 3210 2492 3281 adponuntur.

1617 3301 1719 3350 sed
1754 3334 1768 3350 .
1799 3334 1814 3349 .
1844 3333 1859 3348 .
1884 3299 2003 3347 sed.
2084 3293 2171 3346 De
2232 3292 2503 3362 anaphora
2560 3290 2632 3345 cf.

1548 3364 1875 3419 Ramshorn.
1918 3383 2089 3434 gram.
2126 3362 2216 3415 lat.
2252 3382 2306 3432 p.
2342 3362 2462 3413 707.
2498 3361 2636 3415 Not.
2673 3383 2686 3390 ·

1547 3435 1727 3488 Nemo
1774 3433 1967 3487 Tacito
2027 3430 2296 3486 amantior
2345 3441 2421 3481 est
2471 3430 2632 3494 huius

1549 3504 1770 3574 figurae.
1842 3501 1912 3554 cf.
1937 3520 2085 3570 supr.
2121 3520 2171 3553 c.
2188 3502 2237 3552 1.
2263 3515 2379 3548 non
2402 3500 2634 3558 Cinnae,

1551 3591 1664 3626 non
1700 3572 1927 3634 Sullae-3
1977 3569 2104 3623 infr.
2155 3588 2202 3622 c.
2229 3566 2314 3618 38.
2343 3571 2443 3618 sed
2483 3566 2635 3619 Ger-

1555 3644 1834 3694 manicum
1860 3644 2074 3699 ducem,
2100 3641 2200 3690 sed
2215 3635 2493 3687 Tiberium
2517 3638 2635 3686 im-

1548 3719 1903 3779 peratorem3
1953 3727 2002 3760 c.
2037 3707 2122 3758 59.
2159 3722 2330 3758 arma
2376 3705 2436 3754 in
2483 3703 2633 3755 Cae-

1553 3797 1743 3834 sarem
1798 3793 2063 3843 poseens.
2124 3790 2296 3827 arma
2345 3773 2408 3823 in
2460 3773 2634 3838 Sege-

1551 3859 1727 3908 stem3
1773 3845 1896 3897 eod.
1934 3864 1986 3897 c.
2029 3854 2160 3897 extr.
2199 3859 2271 3893 ne
2308 3858 2496 3892 --.ne
2531 3861 2636 3906 —3
2703 3879 2704 3888 ,

1557 3937 1608 3970 c.
1631 3916 1719 3967 62.
1745 3923 1806 3965 ut
1833 3946 1905 3956 -
1935 3923 1996 3964 ut
2022 3932 2125 3977 -;
2156 3930 2204 3963 c.
2226 3909 2467 3964 22.chm
2497 3929 2635 3962 ocu-

1552 3986 1648 4046 lis,
1680 4002 1808 4034 cum
1831 3982 2100 4036 lacrimis.
2153 3978 2416 4031 Nostrum
2447 3976 2635 4033 locum

1551 4052 1797 4105 Rhenan.
1823 4049 2045 4104 volebat
2066 4046 2303 4118 corrigi:
2340 4044 2457 4098 Sed
2475 4046 2543 4101 P.
2570 4085 2587 4104 .
2616 4084 2636 4101 .

1555 4133 1611 4198 et
1641 4122 1833 4186 Lepid.
2013 4151 2016 4152 ν

1572 4262 1584 4267 ,
1623 4204 1957 4272 Pompeium
1998 4200 2246 4265 imagine
2275 4201 2449 4264 pacis.
2522 4200 2636 4254 Dio

1553 4274 1641 4334 48,
1665 4273 1752 4326 36.
1824 4270 1967 4325 vell.
1999 4270 2053 4334 2.
2081 4269 2166 4321 77.
2237 4268 2465 4323 sueton.
2508 4270 2638 4327 Oct.

1559 4359 1609 4397 c.
1642 4343 1724 4397 16.
2115 4395 2118 4398 ,
