2794 5085
2192 317 2255 361 A.
2278 315 2346 364 U.
2363 315 2468 359 760:

2193 369 2262 418 A.
2286 369 2347 416 C.
2395 372 2469 418 16.

345 331 491 403 122
1126 315 1757 401 ANNALIUM

331 480 783 557 fabricandae
824 468 1043 569 classi'
1075 491 1634 574 praeponuntur.
1738 472 1948 546 Mille
1990 496 2204 550 naves
2248 480 2572 583 sufficere

333 586 525 655 visae
553 594 1139 675 properataeque:
1193 580 1371 650 aliae
1399 581 1684 664 breveS‚
1734 592 2029 669 angusta
2060 583 2287 673 puppi
2317 607 2574 674 prora.

338 706 475 780 que
510 700 589 754 et
630 685 775 753 lato
811 699 1051 767 utere,
1088 700 1240 776 'quo
1275 681 1558 751 facilius
1585 683 1843 773 fluctus
1874 683 2294 753 tolerarent:
2351 710 2575 778 quae-

335 791 501 858 dam
542 788 797 878 planae
843 784 1136 868 cariniS,
1194 797 1278 852 ut
1320 784 1473 851 sine
1511 808 1697 853 noxa
1749 776 2122 854 siderents
2158 787 2401 876 plures
2444 789 2575 857 ad-
2615 873 2626 882 .

331 889 580 984 positis
632 888 989 980 utrimque
1033 884 1560 975 gubernaculis,
1624 909 1960 954 converso
2005 900 2090 979 ut
2132 903 2425 978 repente
2461 914 2578 959 re—
2635 911 2652 916 ⁴

333 990 552 1080 migio
583 985 756 1058 hinc
784 990 902 1058 vel
936 989 1137 1057 illinc
1180 987 1650 1078 adpellerent:
1702 986 1967 1065 multae
2005 990 2351 1079 pontibus
2394 1004 2580 1060 stra-⁶

334 1108 481 1177 tae,
557 1115 770 1184 super
807 1114 982 1184 quas
1019 1103 1373 1160 tormenta
1415 1084 1882 1174 veherentur,
1959 1089 2171 1159 simul
2220 1106 2427 1183 aptae
2469 1095 2578 1162 fe-

335 1195 581 1265 rendis
622 1193 821 1286 equis
865 1206 988 1262 aut
1021 1190 1476 1261 commeatui:
1541 1191 1719 1259 velis
1766 1186 2073 1278 habiles,
2140 1193 2318 1292 citae
2359 1196 2574 1264 remis

334 1297 793 1387 augebantur·
812 1293 1170 1364 alacritate
1210 1292 1526 1363 militum
1568 1292 1649 1361 in
1705 1293 2005 1384 speciem
2064 1318 2146 1362 ac
2201 1308 2574 1370 terrorem.
2632 1342 2641 1350 -

334 1398 579 1470 Insula
615 1395 1050 1468 Batavorum
1106 1395 1187 1463 in
1234 1419 1450 1487 quam
1499 1395 1960 1465 con'venirent
2005 1397 2407 1487 praedicta,
2473 1400 2579 1468 'ob

330 1501 574 1571 faciles
631 1499 970 1593 adpulsus
1026 1496 1593 1591 accipiendisque
1643 1497 1865 1590 copiis
1912 1510 1984 1569 et
2032 1499 2579 1570 tramittendum

332 1758 477 1813 Nam
502 1756 603 1810 Cn.
626 1756 884 1819 Sentium
919 1754 1060 1809 inter
1091 1738 1435 1808 Germaniei‘

333 1830 539 1899 legatos
577 1825 822 1880 invenies
861 1823 993 1877 infr.
1033 1844 1080 1877 e.
1110 1824 1213 1876 74:
1265 1821 1412 1874 Sunt

276 1958 277 1961 Ἴ
332 1907 517 1951 tamen
558 1904 611 1946 et
646 1893 842 1947 Cantii
870 1893 985 1946 Liv.
1018 1894 1096 1955 10,
1128 1892 1213 1944 26.
1256 1900 1313 1943 et
1348 1891 1410 1943 in

331 1963 800 2035 inscriptionibus.
857 1958 992 2027 Mos
1009 1961 1294 2016 Caecinna
1319 1958 1424 2025 ed.

335 2031 466 2087 Ald.

392 2094 556 2157 aliae
586 2138 662 2156 ...
691 2104 977 2170 quaedam
1006 2135 1090 2156 ...
1114 2100 1308 2166 plures
1333 2122 1452 2149 ...r

334 2173 572 2224 multae.
618 2162 715 2226 rs.
753 2169 980 2223 Sueton.
1021 2167 1152 2221 Oct.
1204 2184 1253 2219 c.
1292 2165 1411 2220 100.

372 2240 568 2292 uidam
590 2277 605 2292 .
621 2278 636 2292 .
652 2276 668 2292 .
693 2238 798 2291 'alii
810 2276 832 2307 Ι.
852 2277 865 2290 .
882 2276 899 2291 .
926 2236 1205 2289 nonnulli.
1275 2235 1415 2287 Item

385 2308 458 2361 ib.
500 2327 551 2361 c.
583 2308 664 2360 17.
739 2300 896 2358 Gall).
934 2305 1055 2359 c.3.

398 2380 612 2443 planae
651 2375 878 2427 carinis.
951 2373 1022 2427 cf.
1053 2371 1204 2429 Caes.
1241 2369 1306 2423 B.
1339 2368 1411 2422 G.

332 2445 387 2505 3,
425 2444 509 2498 13.
565 2443 803 2496 Carinae
849 2444 1138 2509 aliquanto
1180 2441 1414 2507 planio-

333 2530 428 2568 res
459 2546 532 2558 —-
568 2530 676 2583 quo
691 2510 932 2579 facilius
956 2513 1108 2562 vada
1130 2527 1197 2561 ac
1223 2511 1414 2561 deces-

333 2600 462 2637 sum
486 2590 678 2636 aestus
707 2581 965 2643 excipere
985 2586 1233 2645 possent.

401 2649 695 2717 adpositis.
784 2648 854 2702 cf.
890 2647 1028 2702 Hist.
1069 2645 1120 2708 3,
1154 2645 1242 2699 47.
1276 2645 1419 2712 pari

335 2719 515 2772 utrim
551 2734 620 2769 ue
650 2733 834 2786 prora
868 2724 923 2767 et
944 2714 1209 2767 mutabili
1236 2716 1412 2766 remi-

273 2820 278 2828 ,
331 2790 440 2855 gio.
568 2806 700 2842 erm.
731 2804 780 2841 c.
801 2782 890 2837 44.
930 2782 1208 2850 utrimque
1230 2798 1416 2846 prora

250 2867 253 2874 “
328 2864 607 2923 paratam
630 2869 857 2920 semper
873 2853 1143 2919 adpulsui
1146 2850 1412 2919 frontem

333 2925 471 2990 agit.
508 2971 511 2974 ,
580 2921 772 2975 Suidas
828 2922 884 2974 id
935 2939 1106 2991 genus
1157 2919 1416 2972 describit

330 2993 482 3046 hisce
518 2991 725 3045 verbis:
792 2988 932 3043 Τινά
976 2989 1038 3043 δὲ
1076 2991 1170 3041 καὶ
1212 2989 1274 3042 ἐκ
1322 2990 1417 3053 τῆς

333 3080 377 3115 π
415 3055 589 3134 ύμνης
637 3063 732 3114 καὶ
778 3060 840 3115 ἐκ
879 3061 973 3127 τῆς
1015 3053 1417 3130 πρώρας-’ἕκα-

331 3150 364 3185 τ
393 3136 576 3203 ρωθεν
607 3130 902 3197 πηδαλίοις
944 3123 1210 3195 ἤσκηντο,
1263 3122 1418 3186 ὅπως

334 3200 501 3258 αὐτοί
545 3216 603 3253 τε
648 3198 728 3273 μὴ
762 3191 1284 3270 μεταστρεφόμενῡι
1320 3197 1418 3248 καὶ

333 3271 637 3325 ἐπιπλέουσι
659 3270 753 3321 καὶ
775 3267 1125 3352 ἀναχωςῶσι,
1163 3267 1259 3317 καὶ
1286 3263 1416 3348 τορς

333 3341 621 3397 ἐναντίους
646 3338 707 3391 ἐν
733 3338 807 3404 τῷ
840 3337 1116 3405 παραπλῳ
1143 3335 1237 3387 καὶ
1263 3331 1417 3390 ἀπο-

336 3410 458 3477 atq»
483 3405 671 3460 αὐτῶν
700 3400 1046 3474 σφάλλωσιν.

402 3492 572 3542 super
611 3492 775 3543 quas.
860 3472 1141 3526 Ernestius
1180 3469 1418 3524 malebat

335 3561 505 3611 super
532 3560 690 3613 quos.
767 3541 842 3594 At
890 3559 1007 3592 nou
1054 3541 1121 3593 de
1157 3539 1417 3611 pontibus

304 3659 315 3674 χ
335 3615 604 3668 rationem
662 3609 978 3664 redditurus
1038 3618 1150 3661 erat
1207 3617 1418 3670 auctor,

339 3681 492 3754 quasi
516 3680 651 3733 aliae
671 3696 829 3731 naves
855 3677 959 3729 alia
984 3695 1042 3729 re
1069 3686 1263 3729 stratae
1288 3674 1416 3728 fue-

288 3765 293 3774 “
338 3752 482 3811 rint,
535 3748 629 3803 sed
668 3749 734 3801 de
777 3745 1033 3805 navibus,
1090 3754 1153 3797 ut
1190 3754 1419 3807 constet,

342 3839 444 3876 cur
479 3817 739 3892 pontibus
774 3823 970 3867 stratae
999 3813 1125 3866 sint.
1196 3811 1423 3872 Pronor-

341 3907 471 3944 men
512 3886 804 3941 relativum
846 3880 1057 3952 saepius
1099 3878 1298 3933 referri
1343 3880 1423 3950 &ad

248 4007 249 4014 ,
340 3940 606 4013 remotius
630 3950 959 4008 vocabulum
988 3969 1153 4021 supra
1187 3948 1423 4002 vidimus

346 4027 413 4079 ad
449 4027 497 4087 1,
525 4026 612 4078 74.
816 4029 827 4044 ⁶
1220 4067 1221 4070 ,

413 4094 546 4146 velis
567 4089 809 4153 habiles,
843 4087 990 4141 citae
1012 4089 1204 4142 remis.
1277 4088 1427 4141 Haec

238 4169 245 4172 “
346 4161 578 4232 epitheta
607 4159 674 4213 ad
709 4176 902 4212 omnes
940 4161 1106 4214 naves
1143 4157 1429 4210 referenda

347 4238 505 4292 sunt,
563 4245 734 4300 quare
770 4226 1075 4299 pleniorem
1115 4224 1431 4281 distinctio-

350 4316 483 4354 nem
510 4308 632 4353 ante
654 4297 791 4351 velis
817 4296 997 4369 posui.

1561 1758 1921 1824 augebantur
1952 1760 2252 1812 alacritate
2289 1780 2371 1813 m.
2404 1761 2464 1812 in
2495 1778 2579 1824 sp.

1493 1842 1562 1877 ae
1589 1834 1629 1877 t.
1697 1826 1918 1893 Augeri
1940 1828 2214 1892 dicuntur,
2246 1830 2447 1898 quibus
2472 1828 2573 1881 ali-

1495 1895 1644 1964 quod
1701 1894 2108 1950 incrementum
2155 1898 2397 1961 accedit,
2468 1897 2576 1951 sive

1494 1963 1893 2019 incrementum
1913 1966 2172 2036 temporis
2190 1965 2244 2018 h.
2262 1986 2310 2029 e.
2340 1968 2576 2027 numeri,

1496 2030 1605 2084 sive
1633 2032 1959 2087 substantiae
1983 2033 2036 2087 h.
2066 2052 2113 2087 e.
2144 2033 2371 2098 finium3
2416 2055 2577 2089 sensu

1495 2110 1677 2153 autem
1725 2102 1920 2154 morali
1964 2104 2171 2169 augeri
2207 2103 2457 2156 absolute
2497 2114 2577 2158 est

1497 2168 1901 2224 incrementum
1946 2171 2250 2241 dignitatis,
2302 2173 2578 2253 potentiae

1499 2247 1604 2290 etc.
1656 2259 1875 2311 capere,
1938 2240 2147 2293 ornari.
2258 2240 2358 2294 Su:
2408 2258 2581 2294 naves

1496 2310 1857 2373 augebantur
1882 2310 1957 2360 al.
1983 2328 2063 2361 m.
2095 2308 2147 2361 h.
2177 2327 2225 2361 e.
2259 2309 2576 2363 incremen-

1497 2388 1615 2428 tum
1642 2377 1868 2430 navibus
1885 2376 2179 2431 accessisse
2211 2398 2273 2430 ex
2299 2377 2578 2431 alacritate

1497 2444 1762 2508 militum,
1801 2446 1953 2528 quod
1978 2463 2089 2515 quo
2110 2447 2366 2529 respiciat
2378 2478 2398 2510 ,·
2430 2447 2575 2500 indi-

1463 2542 1468 2552 »
1500 2524 1655 2568 catur
1681 2515 1894 2569 verbisz
1929 2531 1990 2565 tn
2017 2531 2254 2582 spectem
2286 2533 2357 2567 ac
2388 2524 2576 2569 terro-

1499 2600 1653 2646 rem,
1687 2602 1876 2654 graece
1901 2584 1978 2644 εῖς
2000 2579 2082 2637 τό.
2128 2584 2403 2656 cf.Ag1-ic.
2431 2585 2578 2639 035,

1497 2652 1919 2705 Britannorum
1949 2653 2098 2706 acies
2129 2654 2188 2703 in
2222 2656 2465 2719 speeiem
2494 2654 2580 2707 si-

1497 2723 1625 2772 mul
1667 2739 1734 2772 ao
1780 2731 2067 2773 terrorem
2113 2719 2186 2765 -'
2230 2726 2575 2778 constiterat.

1500 2788 1692 2841 Germ.
1713 2805 1772 2842 c.
1798 2788 1885 2842 38.
1915 2791 1979 2842 in
2005 2791 2365 2842 altitudinem
2390 2807 2579 2859 quan·-

1498 2862 1637 2909 dam
1661 2865 1718 2908 et
1741 2867 2017 2912 terrorem
2044 2887 2109 2901 —
2132 2861 2358 2923 compti.
2413 2859 2578 2914 Roth.

1498 2928 1586 2997 (p.
1624 2926 1742 2994 25.)
1797 2936 2087 2997 utramque
2136 2946 2329 2981 vocem
2381 2926 2581 2982 dictam
2636 2985 2643 2990 ,

1540 3004 1654 3047 utat
1703 3013 1801 3065 per
1845 2995 2077 3066 figuram
2135 2994 2197 3048 ἓν
2251 2993 2349 3049 διὰ
2398 2997 2578 3052 δυοῖν.

1526 3082 1675 3115 mmo
1710 3065 1915 3129 species
1950 3063 2216 3135 significat
2259 3064 2580 3136 dignitatem

1497 3132 1736 3193 formae,
1772 3142 2179 3185 ornamentum.
2237 3133 2309 3186 cf.
2341 3132 2422 3196 15,
2452 3135 2504 3187 9.
2528 3143 2584 3187 et

1500 3203 1631 3270 Agr.
1675 3198 1712 3251 l.
1749 3198 1786 3252 l.
1850 3209 2037 3252 terror
2078 3200 2283 3254 indicat
2327 3201 2581 3266 sormam,

1500 3288 1637 3340 quae
1672 3277 1896 3321 metum·
1928 3268 2102 3323 iniieit
2151 3268 2292 3322 hosti
2341 3282 2578 3354 eumque

1498 3347 1720 3390 terret.-
1768 3336 1899 3388 Erat
1933 3337 2099 3408 igitur
2137 3336 2323 3391 classis
2361 3337 2457 3392 illa
2490 3353 2579 3393 m.-

1502 3404 1682 3461 eunda
1710 3402 1873 3458 simul
1902 3416 1954 3457 et
1979 3404 2237 3459 terribilis
2262 3418 2504 3479 aspectu.

1570 3505 1757 3558 insula
1780 3505 2166 3557 Batavorum.
2241 3504 2311 3558 cf.
2348 3507 2491 3562 Hist.
2530 3510 2582 3570 4,

1489 3573 1588 3625 12.
1663 3574 1813 3628 Caes.
1841 3575 1916 3626 B:
1931 3574 2005 3628 G.
2030 3573 2084 3634 4,
2108 3576 2190 3626 10.
2259 3575 2405 3627 Plin.
2427 3575 2478 3639 4,
2497 3577 2580 3630 15.

1503 3641 1641 3695 cod.
1683 3642 1807 3696 MS.
1847 3644 2212 3702 Batuorum,
2254 3644 2460 3698 omissa·
2491 3645 2578 3697 lit-

1503 3721 1616 3763 tera
1645 3730 1713 3770 a,
1749 3729 1883 3782 quae
1919 3722 2101 3764 tamen
2132 3730 2257 3764 mox
2293 3712 2351 3764 in
2389 3713 2581 3767 eodem

1506 3779 1772 3832 vocabulo
1799 3779 2031 3833 additur.

1578 3880 2030 3932 tramittendum.
2097 3877 2314 3940 Graece„
2336 3879 2582 3953 διαπέμ-

1509 3965 1664 4015 πειν,
1717 3966 1794 4000 sc.
1833 3950 1890 4001 iu
1926 3947 2164 4001 hostium
2200 3959 2421 4003 terram.
2508 3949 2580 4004 cf.

1445 4035 1464 4050 ·-
1508 4017 1648 4070 Hist.
1672 4016 1723 4079 2,
1740 4017 1822 4069 17.
1852 4018 2170 4084 Aperuerat
2195 4019 2313 4068 iam
2327 4018 2583 4083 Italiam,

1510 4088 1824 4154 bellumque
1850 4086 2197 4138 tramiserat.
2262 4083 2428 4138 ovid.
2447 4086 2586 4141 Met.

1514 4155 1609 4213 12,
1643 4153 1731 4206 25.
1791 4154 2047 4222 bellaque
2105 4170 2224 4208 non
2284 4155 2584 4224 transfert.

1511 4223 1657 4276 Ptin.
1682 4221 1953 4304 panegyr.
1990 4220 2072 4281 12,
2099 4220 2151 4274 8.
2185 4225 2428 4276 duratus
2453 4224 2585 4289 gla-

1408 4346 1416 4359 ,
1514 4292 1599 4346 eie
1621 4289 1949 4359 (Danubius)
1974 4289 2226 4357 ingemia
2255 4299 2418 4358 tergo
2441 4294 2584 4348 bella

2410 4551 2421 4578 l
