2794 5085
2247 357 2312 402 A.
2332 355 2399 403 U.
2416 359 2518 403 m.

2247 409 2318 459 Α.
2337 408 2397 455 C.
2443 412 2522 459 28.

297 344 302 353 '
384 364 535 455 sss
1189 346 1812 436 A‘NN-ALmM
1918 434 1925 443 .

379 521 552 590 inde
597 519 945 589 accusatio
996 517 1390 611 missisque
1424 519 1518 588 ad
1551 513 1927 588 Caesarem
1980 518 2240 589 litteris
2296 522 2637 592 ordinem*

381 622 654 692 fraudis
683 643 1032 715 suumque
1060 620 1199 711 ipsi
1228 621 1533 691 dedecus
1559 640 1962 691 narravere.
2060 619 2228 691 Non
2262 624 2437 693 alias
2471 634 2628 693 mak

387 722 495 815 gis
547 724 757 793 anxia
812 737 882 793 et
932 745 1200 813 pavens
1255 721 1535 793 civitas:
1588 744 1812 811 egens
1858 722 2234 792 adversum
2268 726 2631 816 proximos

353 847 833 915 -congressus,
911 821 1295 917 colloquia:
1372 837 1587 895 notae
1641 823 2065 917 ignotaeque
2125 849 2329 895 aures
2387 827 2629 898 vitari:

389 928 599 997 etiam
642 941 842 996 muta
883 940 1093 1019 atque
1139 924 1456 995 inanima
1473 980 1496 1012 ,
1567 937 1833 996 tectum
1872 941 1941 995 et
1982 927 2287 1018 parietes
2328 929 2633 1000 circum-

388 1030 904 1122 spectabantur.
1270 1040 1278 1047 '
2474 1062 2481 1069 ·

588 1225 813 1300 LXX.
864 1228 1008 1299 Sed
1036 1225 1294 1299 Caesar
1318 1218 1668 1296 solemnia
1695 1224 2103 1317 incipientis
2131 1228 2306 1296 anni
2328 1223 2496 1300 Kal.
2525 1223 2636 1297 Ia-

388 1328 664 1398 nuariis
703 1330 1022 1421 aepistola
1073 1342 1397 1423 precatus
1438 1327 1654 1398 vertit
1696 1326 1776 1396 in
1814 1326 2199 1414 Sabinum,
2265 1344 2636 1421 corruptos

393 1431 737 1522 quosdam
765 1432 1190 1501 libertorum
1220 1445 1287 1501 et
1310 1430 1617 1523 petitum
1644 1451 1717 1497 se
1749 1451 2052 1519 arguens
2069 1483 2090 1515 ‚
2142 1431 2635 1526 ultionemque

319 1604 326 1609 .
389 1525 588 1601 haud
613 1534 908 1604 obscure
937 1533 1289 1628 poscebat.
1389 1555 1523 1600 nec
1549 1554 1751 1601 mora
1780 1530 1957 1624 quin
1987 1533 2522 1603 decerneretur:
2573 1546 2640 1604 et

389 1630 807 1706 trahebatur
830 1637 1238 1721 damnatuS‚
1268 1647 1616 1727 quantum
1638 1634 1945 1702 obducta
1970 1645 2163 1703 v‘este
2187 1648 2257 1704 et
2282 1635 2637 1709 adstrictis
2714 1648 2718 1655 '

389 1735 714 1806 faucibus
742 1738 881 1806 niti
911 1751 1221 1829 poterat,
1263 1735 1635 1806 clamitans
1662 1734 1777 1831 sic*
1794 1730 2122 1804 inchoari
2151 1760 2463 1824 annum,
2514 1732 2638 1806 has

396 1836 658 1908 Seiano
720 1840 1041 1908 victimas
1098 1839 1371 1911 cadere.
1476 1860 1619 1931 quo
1672 1836 2092 1907 intendisset
2143 1839 2429 1924 oculoe,
2497 1864 2637 1932 quo

392 1938 611 2009 verba
653 1942 1089 2025 acciderent,
1152 1941 1318 2030 fuga
1336 1994 1357 2024 ‚
1416 1938 1734 2007 vastitas:
1817 1938 2045 2007 deseri
2093 1940 2352 2009 itinera
2369 1995 2392 2026 ‚
2449 1941 2635 2010 fora:

395 2043 468 2111 et
513 2042 813 2135 quidam
861 2041 1443 2133 regrediebantur
1484 2038 2070 2133 ostentabantque
2112 2063 2186 2110 se
2221 2065 2515 2112 rursum
2565 2043 2636 2112 id

397 2142 633 2236 ipsum
655 2159 1025 2237 paventes,
1083 2145 1277 2238 quod
1306 2142 1731 2216 timuissent.
1833 2166 2044 2236 quem
2073 2142 2267 2213 enim
2293 2144 2490 2215 diem
2517 2168 2638 2217 va-

1561 2412 1650 2473 cet
1675 2414 1940 2489 pertineat
1966 2415 2131 2470 simul
2157 2416 2226 2471 ad
2257 2418 2501 2474 subiecta
2526 2421 2635 2493 plu·

1480 2508 1481 2515 ¹
1560 2484 1688 2541 ralis
1715 2484 1931 2538 numeri
1958 2485 2275 2546 remotiora.
2325 2487 2399 2542 cf.
2426 2499 2545 2542 not.
2573 2491 2636 2546 ad

1567 2557 1615 2617 1,
1655 2559 1736 2610 10.
1785 2555 1885 2608 sub
1930 2574 1989 2612 v.
2046 2557 2380 2611 abstulerat.
2479 2560 2634 2612 Addo

1562 2623 1702 2678 Hist.
1752 2626 1801 2684 1,
1850 2623 1933 2678 15.
2000 2625 2295 2690 inrumpet
2359 2631 2634 2691 adulatio,

1566 2694 1900 2755 blanditiam·
1955 2690 2092 2746 Hist.
2123 2691 2175 2756 8,
2203 2693 2292 2747 85.
2331 2704 2510 2750 terret
2543 2715 2632 2750 so·-
2699 2715 2706 2723 ·

321 2464 324 2467 ,
399 2416 525 2473 ciat.
549 2418 782 2474 Pichen.
802 2437 925 2491 sqq.
962 2422 1190 2488 quando
1212 2418 1298 2473 ed.
1323 2417 1478 2477 Rhe-

375 2500 529 2540 'nan.
559 2486 737 2559 (1533)
762 2507 879 2561 sqq.
909 2489 976 2541 ad
1005 2487 1320 2541 Pichenam.
1372 2534 1376 2540 ,

466 2557 698 2610 civitas:
739 2573 908 2624 egens·
935 2561 1243 2609 adversum
1268 2558 1480 2625 proxi·

397 2642 523 2677 mos
548 2642 898 2694 congressu-9,
935 2627 1226 2693 colloquia.
1300 2624 1480 2679 Locus

397 2692 538 2745 mire
581 2704 796 2748 vexatus
833 2704 886 2746 et
918 2692 1387 2747 emendationibus
1427 2703 1480 2747 et

399 2759 861 2831 explicationibus.
904 2760 1087 2830 Vulgo
1109 2762 1479 2833 distinguuntt

398 2848 516 2882 non
550 2831 699 2884 alias
737 2833 920 2897 magis
956 2830 1142 2881 anxia
1172 2840 1230 2883 et
1258 2847 1478 2896 pavens

398 2899 625 2959 civita-⁹,
690 2917 856 2967 egens
906 2903 1212 2952 adversum
1261 2899 1477 2966 proxi-

397 2984 552 3020 mos:
587 2985 940 3036 congressus,
964 2970 1265 3035 colloquia,
1296 2976 1471 3020 notae

399 3038 727 3105 ignotaeque
755 3056 922 3091 aures
950 3038 1120 3088 vitari
1144 3047 1246 3090 etc.
1261 3075 1276 3096 ,
1311 3046 1372 3088 ut
1400 3038 1474 3090 ita

401 3124 566 3173 egens
629 3106 857 3166 ertineat
880 3106 946 3160 ad
971 3105 1196 3172 civitaS,
1227 3122 1478 3172 congres-

399 3192 498 3229 sus
536 3193 564 3226 a
641 3173 834 3227 vicari.
927 3173 1033 3226 Sed
1079 3171 1235 3226 babet
1284 3173 1480 3227 civicas

398 3241 631 3314 epitheta
659 3262 783 3305 sua,
814 3244 1000 3294 anxia
1025 3252 1078 3295 et
1096 3258 1308 3306 pavens
1323 3263 1342 3305 ,-
1376 3260 1481 3295 nec

401 3311 661 3366 convenit
689 3311 840 3363 bono
865 3310 1019 3373 stilo,
1055 3321 1116 3362 ut
1144 3312 1339 3363 civitas
1368 3328 1476 3362 an-

400 3380 512 3433 xia
545 3389 602 3431 et
632 3395 846 3443 pavens·
879 3389 1005 3449 post
1043 3398 1100 3431 se
1138 3379 1314 3432 trahat
1352 3379 1474 3434 lan-

401 3446 564 3520 guida
587 3446 679 3501 illa
705 3447 902 3501 verba:
936 3463 1103 3512 egens
1128 3451 1223 3499 ad.
1244 3462 1338 3514 pr.
1389 3447 1478 3499 Ac

401 3535 472 3569 ne
500 3534 685 3569 sensus
713 3514 931 3581 quidem
958 3526 1035 3567 est
1061 3514 1119 3567 in
1147 3515 1294 3568 hisce
1320 3517 1476 3567 voca·

400 3584 559 3640 bulis.
631 3583 847 3638 Scilicet
872 3584 940 3638 ad
965 3601 1132 3649 egens
1163 3582 1335 3636 intelli
1414 3591 1477 3634 nt

386 3654 541 3724 fide,
609 3653 854 3719 consilii,
926 3661 978 3704 et
1035 3650 1108 3704 ita
1170 3651 1316 3705 inti-u
1360 3661 1475 3711 unt,

404 3739 541 3794 quae
580 3730 708 3774 sunt
745 3731 935 3774 contra
976 3738 1196 3772 omnem
1239 3720 1477 3773 latinita-

401 3799 532 3844 tem.
561 3789 678 3843 Nec
700 3789 934 3842 meliora'
948 3788 1191 3842 invenies
1215 3790 1274 3841 in
1298 3807 1478 3840 emen·

402 3856 709 3912 dationibus
723 3857 916 3927 Lipsii:
953 3865 1144 3923 tegens·
1168 3875 1268 3927 pro
1287 3857 1478 3923 egene,

399 3925 681 3980 Rhenani-=
727 3936 1024 3991 satagens,
1060 3925 1365 3978 Vertranih
1411 3942 1476 3977 se

403 4003 631 4063 tegens,
688 3994 953 4047 Acidalii=
1003 4009 1066 4046 se
1108 4001 1321 4061 tegere,
1382 3993 1474 4045 Pi-

401 4063 634 4117 chenae:
705 4071 933 4130 egerat,
998 4061 1048 4114 le
1087 4062 1312 4116 entium.
1408 4062 1474 4114 ln

404 4149 617 4184 cassum
645 4130 960 4185 disseruere.
1029 4079 1216 4196 {gens
1241 4128 1480 4201 pertinet

403 4198 472 4250 ad
496 4216 827 4268 congressus
864 4210 917 4253 et
951 4201 1255 4267 colloquia.
1326 4198 1481 4251 Solet

403 4264 549 4318 enirn
638 4268 969 4323 raedicatum
1017 4266 1077 4320 in
1132 4285 1292 4321 numa
1339 4267 1480 4348 sing.

403 4333 538 4402 poni
574 4356 608 4388 ο
684 4336 995 4408 proximum
1025 4334 1360 4398 subiectum,
1394 4334 1477 4389 ‘11³

1207 4493 1220 4514 ‘
1288 4510 1317 4542 c

1559 2763 1738 2813 titudo
1762 2770 1817 2813 et
1845 2770 2092 2813 tacentes
2116 2764 2241 2815 loci.
2315 2763 2434 2817 Iam
2474 2783 2634 2833 egens

1559 2831 1617 2884 in
1642 2830 1749 2883 boc
1776 2831 2076 2884 verborum
2103 2833 2359 2884 contextu
2387 2844 2468 2887 est
2493 2833 2634 2907 quod

1559 2918 1663 2952 nos
1696 2897 1928 2952 dicimus
1958 2898 2205 2965 diirflig,
2245 2918 2411 2970 egens
2448 2903 2635 2961 verbis,

1561 2968 1751 3039 inops,
1794 2965 2037 3025 ieiunus,
2077 2967 2250 3035 qualis
2279 2978 2360 3021 est
2390 2989 2632 3054 congres-

1560 3054 1649 3089 sus
1676 3045 1729 3088 et
1757 3033 2031 3106 colloquia
2058 3053 2282 3096 eorum,
2318 3039 2412 3108 qui
2436 3039 2541 3094 sib1
2561 3039 2633 3093 in·

1559 3104 1735 3159 vicem
1761 3113 1887 3157 sunt
1915 3102 2168 3174 suspecti.

1632 3202 2262 3269 circumspectabantur.
2348 3204 2446 3261 sie.
2493 3207 2627 3263 nist.

1563 3273 1617 3332 4,
1643 3272 1696 3325 8.
1729 3274 1915 3340 vultus·
1952 3291 2020 3324 ac
2050 3289 2349 3327 sermones
2385 3279 2632 3330 omnium

1559 3344 2040 3410 circumspectans.
2093 3339 2321 3395 Sallust.
2339 3343 2459 3416 lug.
2488 3366 2537 3400 c.
2555 3347 2631 3399 72.

1560 3411 2024 3476 circumspectare
2082 3410 2317 3463 omnia.
2389 3413 2630 3468 ‘Inutilis

1558 3478 1728 3600 ἰόἰίιῐιιὲι·
1755 3476 1988 3532 Acidalii
2012 3478 2329 3533 coniectura
2350 3493 2632 3551 suspecta-

1696 3563 1787 3605 ur.

1629 3665 1767 3720 Car.
1798 3666 1887 3719 70.
1926 3668 2210 3720 solemnia
2232 3705 2247 3721 .
2274 3706 2289 3721 .
2317 3707 2333 3723 .
2352 3682 2635 3739 precatus.-

1562 3734 1705 3789 Nam
1725 3736 1970 3807 primum
2003 3736 2316 3808 incipientis
2344 3741 2474 3793 anni
2499 3742 2632 3795 diem

1564 3803 1713 3858 laetis
1774 3803 2174 3875 precationibus
2221 3803 2466 3862 invie‘em
2514 3808 2629 3863 fau-

1560 3880 1708 3925 stum
1742 3873 2147 3927 ominabantur.
2184 3872 2262 3932 cf.
2295 3873 2442 3933 Plin.
2475 3879 2561 3942 28,
2584 3881 2630 3933 5.

1558 3940 1704 4011 Lips.
1733 3941 1800 3995 ad
1829 3940 1882 3995 h.
1912 3940 1951 3996 l.

1629 4060 1939 4114 Ianuariis.
2007 4059 2149 4120 Cod.
2165 4060 2292 4117 MS.
2308 4064 2633 4127 Ianuarius,

1564 4129 1712 4182 unde
1748 4129 1794 4182 Ι.
1839 4127 2092 4183 Gronov.
2148 4128 2281 4185 fecit
2330 4134 2632 4190 Ianuariis.

1565 4196 1704 4251 Edd.
1729 4196 1849 4252 Ber.
1863 4197 1983 4253 Alc.
2000 4197 2246 4253 Rhenan-
2278 4220 2399 4273 sqq.
2424 4204 2635 4259 Ianua-

1565 4269 1707 4319 rias.
1780 4266 1912 4319 Mox
1945 4266 2066 4326 edd.
2096 4265 2221 4328 Ber.
2240 4269 2366 4324 Alc.
2394 4272 2632 4330 Rhenan.

1567 4333 1695 4389 Ald.
1721 4354 1753 4391 e
1774 4334 1900 4391 eod.
1929 4334 2054 4389 MS.
2081 4335 2344 4405 epatu-ata.
