2794 5085
2024 354 2032 363 “
2114 345 2124 363 ’
2236 347 2300 445 ἐς
2321 347 2386 446 ¹3.-
2406 349 2510 451 ⁷32:

373 378 520 455 306
1172 355 1793 437 ANNALIUM

379 533 595 604 Hunc
637 527 962 600 comitem
1005 521 1234 592 exsilii
1262 517 1651 588 admodum
1678 515 2025 583 infantem
2051 513 2256 603 pater
2265 498 2614 603 ‘smmpto-'-

367 631 544 711 'nius
571 635 650 700 in
684 630 991 700 insulam
1005 623 1311 698 ,Cercina
1833 616 1907 683 ‘tic
1952 614 2237 684 adultus
2281 614 2467 682 inter
2495 635 2614 683 ex-

379 755 605 808 torres
647 748 714 802 et
752 728 1157 799 liberalium
1201 737 1310 793 art
1833 740 1981 784 [nox
2016 739 2148 807 per
2175 710 2494 785 Africam
2535 729 2635 786 ac.

374 838 711 913 'Siciliam‘
733 831 1077 900 mutando
1109 826 1311 894 sordi·
1833 810 2320 889 istmtaliatur:
2383 840 2633 910 neque.

383 955 621 1009 tamen
639 934 898 1022 'effugit
923 951 1216 1018 magnae
1242 928 1311 994 fo
1833 921 1932 992 la.
1980 943 2061 986 ac
2089 918 2172 987 ni
2197 911 2455 987 Aelius
2472 916 2632 993 La-‚

382 1042 527 1109 mia
557 1052 624 1107 et
649 1035 734 1108 L.
763 1030 1129 1126 Apronius
1147 1083 1168 1114 ,
1219 1053 1345 1120 qui
1372 1057 1690 1094 runcum
1717 1021 2212 1104 obtinuerant,
2259 1021 2612 1095 insontem

380 1141 880 1237 protexissent,
931 1130 1352 1203 claritudine
1400 1125 1692 1206 infausti
1728 1122 2005 1214 generis
2051 1135 2121 1190 et
2147 1122 2462 1213 paternis
2491 1122 2613 1190 ad·-

380 1243 599 1313 versis
623 1240 805 1309 foret
835 1237 1245 1306 abstractu&

589 1432 788 1508 XIV.
841 1430 912 1501 Is
957 1451 1241 1524 quoque
1284 1448 1517 1495 annus
1556 1421 1942 1510 legationes
1973 1416 2409 1489 Graecarum
2441 1419 2609 1489 civi-

384 1554 610 1610 tatum
639 1533 931 1617 habuit‚
995 1530 1253 1601 Samiis
1281 1525 1617 1608 Iunonis,
1679 1521 1845 1592 Cois
1879 1517 2286 1615 Aesculapii
2314 1523 2607 1592 delubro

385 1655 739 1711 vetustum
777 1636 955 1730 asyli
994 1634 1106 1702 ius
1145 1644 1227 1700 ut
1265 1630 1663 1697 firmaretur
1699 1625 2121 1717 petentibus,
2222 1623 2454 1693 Samii
2493 1625 2609 1692 de-
2651 1688 2652 1695 ,

381 1757 571 1814 creto
610 1734 1220 1831 Amphictyonum
1265 1731 1711 1821 nitebantur,
1775 1726 1933 1818 quis
1973 1725 2433 1816 praecipuum
2483 1726 2611 1796 fuit

361 1857 620 1930 ‘rerum
663 1836 988 1918 omnium
1024 1833 1406 1916 iudicium,
1456 1854 1594 1922 qua
1636 1841 2041 1918 tempestate
2070 1825 2330 1896 Graeci
2367 1827 2611 1898 condi-

383 1949 476 2018 tis
531 1968 659 2037 per
687 1937 945 2036 ¹Asiam
990 1936 1289 2007 urbibus
1335 1956 1461 2003 ora
1508 1931 1724 1999 maris
1769 1928 2249 2020 potiebantur.
2369 1927 2609 2021 Neque

385 2049 630 2140 dispar
673 2043 861 2134 apud
902 2037 1088 2110 Coos
1133 2034 1548 2130 antiquitaS‚
1622 2046 1691 2101 et
1745 2031 2115 2103 accedebat
2156 2030 2494 2101 meritum
2532 2054 2610 2098 ex

385 2152 566 2220 Ioco,
618 2169 786 2214 nam
825 2143 1010 2212 cives
1031 2138 1404 2211 Romanos
1438 2134 1705 2224 templo
1735 2125 2141 2224 Aesculapii
2168 2132 2612 2216 induxerant,

387 2275 549 2325 cum
591 2249 786 2317 iussu
827 2243 1010 2332 regis
1047 2234 1495 2310 Mithridatis
1536 2235 1724 2326 apud
1768 2248 2053 2303 cunctas
2091 2228 2305 2303 Asiae
2348 2233 2627 2313 insulas

387 2367 458 2422 et
482 2352 694 2421 urbes
721 2346 1267 2416 trucidarentur.
1368 2337 1609 2407 Variis
1654 2330 2023 2404 dehinc-et
2062 2335 2339 2426 saepius
2381 2335 2639 2402 inritis*

385 2464 794 2548 praetorum
837 2444 1200 2538 questibus
1240 2455 1596 2531 postremo
1624 2434 1882 2507 Caesar
1908 2437 1996 2504 de
2027 2437 2474 2506 immodestia
2502 2430 2613 2503 hi-

389 2555 739 2624 strionum
790 2547 1095 2617 rettulit:
1165 2544 1388 2612 multa
1448 2541 1538 2610 ab
1591 2539 1703 2607 iis·
1730 2539 1811 2606 in
1854 2538 2247 2630 publicum·
2267 2538 2615 2632 seditiose,
2724 2567 2730 2570 -

386 2657 595 2725 foeda
619 2675 748 2743 per
773 2651 1022 2738 domos
1048 2644 1338 2720 tentari:
1391 2638 1663 2735 Oscum
1690 2643 2053 2733 quondam
2079 2631 2483 2725 ludicrum.
2512 2641 2615 2708 le-

388 2756 714 2828 vissimae
746 2752 936 2843 apud
966 2748 1260 2838 vulgum
1286 2743 1813 2828 oblectationis,
1846 2767 1928 2811 eo
1952 2742 2388 2831 flagitiorum
2412 2742 2612 2811 etxvi-
2684 2758 2686 2762 ’

459 3060 628 3121 pater
680 3044 1066 3115 Sempronius.
1177 3039 1267 3095 Cf.
1315 3057 1493 3113 suptu—
1519 3014 1527 3038 ³
1620 3036 1755 3091 (ΞΜ).
1799 3035 1882 3088 14.
1932 3025 2241 3088 civitatum.
2341 3031 2482 3084 Edd.
2520 3031 2613 3083 Be.

397 3126 446 3186 1,
471 3123 556 3176 53.

398 3299 410 3306 .
464 3253 726 3306 sordidas
758 3262 986 3299 merces.
1058 3240 1338 3294 Ernestius
1373 3245 1471 3292 ac·-

398 3324 528 3393 cipit
553 3338 665 3373 non
692 3318 756 3369 de
782 3325 927 3368 certo
951 3309 1216 3392 mercium
1255 3326 1470 3379 genere,

399 3392 491 3446 sed
533 3389 598 3441 de
633 3395 936 3437 mercatura
975 3398 1245 3440 universa,
1342 3395 1467 3428 uam

327 3469 330 3473 ’
401 3457 673 3517 sordidam
705 3462 756 3505 et
794 3449 959 3503 nobili
999 3446 1208 3499 homiui
1248 3446 1302 3498 in
1345 3458 1506 3497 eco·‘

398 3547 516 3581 ram
559 3519 883 3595 putaverint.
969 3516 1096 3568 Non
1138 3516 1263 3567 satis
1299 3523 1463 3565 recte.

398 3596 538 3650 Nam
588 3589 853 3644 sordidae
901 3599 1118 3637 merces
1164 3582 1252 3635 hic
1288 3582 1468 3651 potius

396 3658 769 3732 intelligendae
795 3664 920 3708 sunt
949 3654 1014 3705 de
1047 3652 1210 3703 tenui
1247 3668 1465 3713 merea-

400 3745 531 3787 tura
549 3768 566 3795 ‚
616 3744 748 3797 quae
791 3721 1005 3776 sordida
1034 3719 1192 3772 *audit
1214 3717 1467 3771 Ciceroni

397 3806 464 3855 de
494 3798 605 3852 Off.
642 3801 686 3857 1,
713 3790 800 3845 43.
870 3790 1177 3842 Mercatura
1205 3789 1246 3840 si
1275 3806 1468 3855 magna

400 3882 450 3924 et
486 3866 704 3937 copiosa
741 3871 848 3922 est,
891 3858 1058 3909 multa
1084 3856 1335 3924 'undique
1376 3855 1471 3907 ad-

296 3979 315 4004 „
398 3949 618 4012 portans
645 3930 930 3998 multisque
952 3924 1073 3986 tsine
1103 3926 1332 3977 vanitate
1367 3924 1467 3981 imq-

400 4006 630 4080 pertiens
647 4041 662 4062 ,
698 4016 810 4050 non
835 4004 912 4047 est
939 3992 1234 4045 admodum
1261 3993 1468 4063 vitupe-

399 4068 583 4129 randa.
656 4065 747 4119 Sic
775 4064 968 4119 Cicero
1003 4062 1105 4116 1.,1.
1149 4071 1155 4084 '

469 4217 647 4269 neque
700 4206 911 4248 tomen.
998 4161 1145 4244 vett.
1200 4190 1331 4243 edd..
1370 4206 1469 4241 nee

325 4285 331 4290 “
365 4321 374 4327 ,
399 4284 606 4326 tamen.
677 4267 786 4317 lac.
805 4261 1119 4318 Gronovius
1144 4279 1172 4312 e
1201 4260 1324 4312 cod.
1343 4256 1477 4314 MS*

401 4340 544 4395 dedit
573 4353 743 4402 neque
768 4341 806 4384 t.

1549 3105 1726 3159 ruald.
1765 3104 1937 3157 Rhen.
1964 3100 2250 3163 Ale.,A1d.
2288 3101 2614 3153 civitatium.

1554 3174 1680 3234 Vid.
1721 3183 1836 3226 not.
1880 3172 1947 3224 ad
1984 3170 2036 3228 3,
2059 3168 2147 3223 63.
2185 3198 2253 3211 -
2326 3168 2613 3240 vulgatum

1554 3252 1633 3303 est
1674 3243 1730 3294 in
1773 3240 1895 3293 edd.
1933 3240 2080 3307 Lips.
2125 3257 2262 3308 sqq.·
2314 3238 2452 3289 Mox
2493 3237 2610 3291 Ald.

1552 3314 1709 3379 queis
1730 3329 1833 3382 pro
1849 3310 2010 3382 quis,
2058 3309 2135 3359 uti
2160 3308 2313 3359 solet.

1619 3428 1735 3479 qua
1772 3416 2119 3475 tempestate.
2192 3406 2330 3467 Edd.
2369 3406 2613 3459 Beroald.

1551 3476 1793 3547 aliaeque
1832 3487 1961 3530 vett.
2005 3494 2073 3528 ea
2115 3495 2227 3544 qua
2264 3484 2612 3541 tempestate.

1548 3546 1693 3600 Dein
1709 3555 1939 3610 ,auctore
1966 3544 2224 3597 Rhenano
2261 3543 2467 3597 editum
2508 3556 2611 3595 ests

1553 3631 1621 3666 ea
1645 3622 1975 3679 tempestate
2004 3633 2115 3681 qua
2132 3652 2147 3678 ,
2186 3609 2297 3664 vel:
2336 3632 2447 3681 qua
2472 3622 2616 3664 tem-

1542 3692 1798 3749 pestate,
1830 3682 1974 3755 quod
1999 3681 2277 3751 hucusque
2303 3682 2489 3736 locum
2515 3684 2616 3734 ob·
2643 3674 2648 3680 ¹

1548 3751 1709 3804 tinuit
1734 3752 1791 3803 in
1814 3751 2067 3803 omnibus
2092 3750 2213 3802 edd.

1620 3866 1726 3901 ora
1764 3851 1947 3912 maris
1968 3841 2351 3916 potiebantur.
2400 3850 2474 3904 cf.
2501 3860 2612 3905 not.

1549 3918 1694 3994 adl,
1720 3916 1808 3970 33.
1973 3940 1974 3944 ¹

1620 4036 1746 4069 cum
1784 4018 1940 4069 iussu
1978 4017 2127 4083 regis
2151 4017 2229 4070 Μ
2269 4002 2371 4071 cf.
2404 4017 2545 4072 vell.
2572 4019 2618 4079 2,

1525 4086 1638 4139 ,18.
1724 4088 1808 4157 Ap
1851 4087 1955 4138 ian.
1997 4086 2059 4137 B.
2106 4080 2297 4139 Mithr.
2334 4086 2405 4137 22
2440 4098 2493 4138 et
2532 4086 2614 4139 23.

1554 4155 1669 4209 Cic.
1699 4173 1783 4224 pr.
1863 4155 1994 4208 laec.
2022 4154 2106 4207 25.
2352 4155 2355 4160 ’

1561 4266 1564 4273 >
1630 4252 1849 4306 oscum.
1870 4255 2163 4307 tuam-um.
2232 4254 2318 4309 cs.
2350 4227 2462 4309 Liv.
2492 4256 2541 4316 7,
2564 4257 2615 4310 2.

1461 4325 1463 4328 ’
1552 4322 1747 4390 Strabo
1776 4322 1838 4386 5,
1877 4342 1928 4394 p,
1958 4321 2075 4376 538.
