2794 5085
2226 371 2288 417 Α.
2303 374 2369 417 U.
2385 370 2493 416 77⁵.

2157 466 2164 477 ,
2223 425 2368 470 A-C.
2413 426 2491 467 22.

347 362 504 455 280
1161 359 1782 449 ANNALIUM

348 533 765 606 Brutidium
810 532 1081 602 artibus
1122 525 1442 602 honestis
1482 533 1847 622 copiosum
1882 546 1986 617 et,
2038 530 2099 600 si
2147 514 2422 605 rectum
2461 535 2600 604 iter

352 649 709 729 pergeret,
757 636 850 704 ad
890 635 1274 703 clarissima
1316 657 1641 726 quaeque
1674 624 2337 705 iturum‘festinatio
2384 637 2600 706 exsti-

355 740 708 822 malabat‚
793 739 968 805 dum
1033 734 1380 828 aequalis,
1461 736 1627 802 dein
1701 726 2139 826 superiores,
2232 753 2596 828 postremo

361 852 667 911 suasmet
696 839 845 929 ipse
884 861 1041 929 spes
1077 838 1345 905 anteire
1386 851 1620 927 parat:
1661 840 1870 929 ‚quod
1911 839 2175 908 multos
2216 841 2433 908 etiam
2469 842 2601 907 bo⁴

360 965 496 1010 nos
519 964 807 1031 pessum
839 940 1056 1022 dedit,
1109 940 1234 1032 qui
1269 938 1539 1028 spretiS‚
1579 962 1758 1030 quae
1788 942 1992 1009 tarda
2022 965 2184 1010 cum
2208 942 2599 1025 securitate,

306 1066 322 1081 “
354 1058 808 1135 ‘praematura
836 1040 953 1110 vel
978 1065 1139 1112 cum
1169 1040 1381 1111 exitio
1416 1053 1823 1131 properant.

566 1203 867 1300 LXVIJ.
971 1200 1254 1275 Auxere
1326 1226 1707 1273 numerum
1772 1218 2258 1274 ‘accusatorum
2322 1205 2602 1276 Gellius

363 1306 835 1395 Publicolapet
861 1305 965 1378 Μ.
988 1305 1384 1390 Paconius,
1434 1307 1557 1375 ille
1590 1320 1917 1399 quaestor
1946 1305 2212 1391 Silani,
2260 1303 2383 1376 hic
2420 1310 2605 1397 lega-

366 1425 504 1482 tus·
605 1406 752 1478 Nec
784 1408 1087 1478 dubium
1127 1404 1523 1477 habebatur
1568 1407 1900 1476 saevitiae
1940 1422 2447 1501 captarumque
2485 1435 2604 1502 pe-

368 1511 744 1580 cuniarum
792 1510 1018 1579 teneri
1075 1534 1313 1579 reum:
1379 1510 1506 1578 sed
1546 1510 1773 1578 multa
1825 1510 2346 1598 adgerebantur
2399 1513 2604 1605 etiam

278 1672 285 1685 ,
370 1613 774 1683 insontibus
813 1606 1242 1703 periculosa,
1296 1635 1460 1679 cum
1495 1635 1707 1702 super
1736 1624 1839 1679 tot
1879 1624 2234 1680 senatores
2277 1614 2605 1681 adversos
2703 1684 2706 1687 ,
2751 1654 2752 1657 =

367 1713 893 1785 facundissimis
919 1713 1137 1781 totius
1164 1711 1376 1785 Asiae
1421 1738 1645 1806 eoque
1674 1714 1765 1781 ad
1804 1715 2281 1782 accusandum
2321 1704 2606 1782 delectis

366 1816 836 1908 ‘responderet
897 1814 1091 1903 solus
1144 1827 1213 1889 et
1264 1815 1550 1913 orandis
1586 1813 1864 1889 nescius
1913 1816 2206 1907 proprio
2261 1815 2341 1882 in
2393 1830 2605 1900 metu,

368 2067 560 2142 'luebat
584 2089 708 2143 satis
731 2088 1088 2162 probabiliter
1112 2089 1333 2161 quidem
1361 2089 1451 2142 de·
1531 2092 1831 2158 proluebat
1878 2085 2226 2158 (ἄποκλῦζειν
2263 2089 2611 2155 hinwegwa·

372 2157 525 2211 feudi
570 2170 762 2229 potest.
855 2159 1117 2211 Polluere
1159 2158 1301 2229 apud
1340 2158 1452 2211 No·
1537 2163 1721 2218 seben,
1755 2162 2066 2229 abs-pillea).
2139 2159 2350 2211 Etenim
2383 2162 2612 2211 obscura

376 2236 551 2280 strum
584 2227 843 2298 frequens
877 2237 955 2280 est
993 2229 1255 2292 verbum·,
1288 2229 1452 2298 signi·
1539 2229 1710 2281 initia
1754 2239 1882 2281 sunt
1926 2249 2028 2299 pro
2071 2228 2357 2292 sordibus;
2428 2229 2610 2293 impu-

375 2294 501 2348 ficat
534 2302 797 2365 μιαίνειν.
870 2293 964 2346 Sic
988 2294 1038 2358 3,
1063 2297 1148 2349 29.
1181 2299 1453 2363 pollu·sse
1540 2300 1803 2349 dentibus
1848 2302 2002 2349 ausis
2035 2299 2362 2364 proluebat,
2426 2298 2610 2347 acerbe

376 2364 730 2417 nobilitatem
776 2365 1041 2432 familiae
1099 2367 1454 2421 videbantur.
1541 2376 1624 2418 est
1657 2366 1884 2420 dictum.
1927 2365 2095 2419 ·Nam
2134 2366 2406 2417 debuisset
2438 2364 2613 2434 potius

376 2430 478 2486 Uti
518 2451 647 2485 vero
685 2432 827 2487 clara
866 2433 1013 2484 initia
1048 2433 1457 2502 impudentibus
1544 2436 1768 2504 egregie«
1812 2434 1968 2487 factis
2025 2432 2298 2505 proluere.
2402 2434 2613 2502 Opinor

377 2500 522 2555 ausis
562 2500 703 2554 haud
758 2501 919 2554 dubie
968 2499 1218 2553 videntur
1266 2501 1456 2572 pollui,
1544 2501 1825 2556 librarium
1866 2504 2099 2574 aliquem
2132 2511 2221 2554 aut
2252 2502 2462 2556 codicis
2498 2520 2614 2571 pos·

378 2567 451 2624 ita
489 2571 721 2623 obscura
762 2569 914 2622 initia
959 2573 1082 2621 satis
1120 2571 1225 2622 iam
1258 2571 1457 2623 babent
1543 2590 1840 2630 sessorem,
1877 2589 2046 2641 quum
2082 2571 2346 2625 mendum
2384 2572 2611 2641 suspica·

378 2638 653 2701 sordium,
689 2657 851 2709 quam
883 2647 941 2688 ut
978 2638 1149 2707 pollui
1190 2640 1294 2690 dici
1335 2658 1458 2709 pos·

378 2705 506 2759 sint.
580 2707 654 2758 At
690 2709 733 2759 si
774 2707 892 2775 quis
922 2726 981 2758 ex
1017 2705 1207 2759 humili
1241 2706 1366 2759 loco
1400 2706 1458 2758 in

380 2772 629 2827 altiorem
679 2785 894 2830 evectus
932 2775 989 2827 in
1028 2785 1239 2829 tantum
1284 2776 1458 2850 impu·

381 2840 590 2896 dentiae
640 2843 920 2926 procedit,
981 2852 1041 2894 ut
1088 2865 1156 2896 ne
1212 2843 1459 2896 obscuris

422 2910 602 2964 uidem
640 2910 805 2964 mitiis
845 2913 986 2974 suis,
1049 2914 1251 2965 nedum
1304 2912 1459 2964 claris

381 2927 545 3050 digna
593 2989 797 3053 patret,
855 2981 946 3033 sed
1000 2981 1254 3050 pudenda
1307 2979 1459 3031 initia

379 3046 716 3119 impudentia
747 3059 990 3120 superet,
1044 3061 1163 3102 tum
1199 3048 1339 3101 haud
1379 3048 1461 3100 in·

383 3127 507 3185 epte
531 3117 805 3171 diceretur
833 3118 1064 3171 obscura
1099 3117 1257 3170 initia
1285 3118 1462 3186 impu-

385 3185 639 3240 dentibus
681 3186 824 3239 ausis
865 3185 1236 3258 propolluere.
1322 3186 1462 3237 Nam

381 3272 519 3321 pra,
556 3251 797 3326 ιη’πρό,
843 3255 899 3307 in
946 3255 1345 3324 compositione
1380 3253 1463 3304 in·

385 3332 474 3375 ter
532 3323 632 3375 alia
693 3324 852 3377 etiam
907 3324 1170 3392 significat
1220 3325 1465 3385 ulterius,

388 3392 643 3456 longius,
689 3403 752 3444 ut
791 3392 1073 3476 profit-edi,
1114 3396 1459 3459 προβαίνειν,

352 3459 721 3530 ,provehere.
768 3476 1058 3532 προαγειν.
1144 3462 1287 3513 Hinc
1316 3477 1462 3526 pro-

384 3531 634 3595 polluere
668 3528 770 3580 erit
809 3530 866 3582 in
905 3528 1204 3601 polluendo
1243 3528 1464 3580 ulterius

429 3596 664 3663 regredi.
737 3596 816 3649 lta
850 3596 964 3650 fere
991 3598 1155 3650 sensit
1178 3597 1465 3649 Gruterus.

388 3615 566 3733 huod
607 3668 972 3733 propolluere
1021 3666 1334 3718 inusitatum
1387 3673 1467 3716 est

390 3735 656 3798 verbum,
692 3732 770 3785 nil
800 3752 903 3785 nos
934 3733 1264 3795 morabitur-3
1311 3730 1466 3784 Taci-

390 3812 479 3856 tus
517 3822 618 3875 pro
658 3803 815 3855 buius
852 3800 960 3856 loci
997 3802 1202 3854 ratione
1241 3803 1293 3855 id
1349 3819 1470 3856 ver·

389 3871 525 3926 bum
571 3872 673 3925 sibi
709 3870 994 3924 indulsisse
1041 3870 1365 3932 videbitur„
1407 3877 1470 3919 ut

390 3940 522 3995 infr.
581 3940 643 4002 6,
688 3938 775 3992 25.
828 3941 1168 4007 provixisse.
1276 3937 1469 3991 Unum

395 4008 717 4068 considero,
778 4027 976 4079 nempe
1027 4006 1173 4078 quod
1214 4009 1471 4074 polluere

395 4078 548 4131 omni
572 4077 960 4148 compositioni
986 4086 1278 4147 repugnet,
1315 4073 1469 4145 quip-

393 4155 555 4218 pe·et
589 4146 772 4217 ipsum
809 4145 1195 4215 compositum.
1264 4141 1470 4196 Defen-

393 4215 605 4268 sionem
639 4214 806 4283 igitur
844 4214 960 4267 eius
990 4212 1285 4293 scripturae
1308 4209 1471 4278 trepi-

396 4281 528 4335 dare
569 4280 713 4335 haud
750 4281 957 4335 infitior
991 4289 1044 4335 et
1080 4300 1123 4332 si
1154 4279 1282 4350 quid
1324 4289 1470 4331 recte

399 4349 564 4408 video
582 4365 585 4370 “
603 4352 1021 4418 propouuebat-
1054 4359 1236 4404 ortum
1286 4356 1368 4401 est
1409 4365 1472 4406 ex

1544 2651 1628 2692 tus
1672 2649 1805 2691 esset
1846 2640 1903 2693 in
1940 2642 2272 2706 proluebat,
2323 2659 2489 2709 super
2518 2637 2614 2706 syl-

1544 2708 1664 2762 laba
1699 2726 1809 2774 pro
1849 2709 2123 2779 scripsisse
2159 2711 2282 2774 pol,
2343 2718 2404 2759 ut
2447 2719 2616 2760 osten·

1547 2779 1697 2833 deret
1730 2778 2012 2849 legendum
2046 2796 2158 2832 esse
2184 2780 2507 2846 polluebat,
2545 2775 2616 2828 id-

1546 2866 1650 2916 que
1692 2844 1827 2898 alius
1868 2845 1941 2898 ita
1967 2844 2204 2914 accepit,
2261 2858 2321 2895 ut
2360 2844 2617 2903 syllabam

1546 2915 1965 2995 superscriptam
2019 2932 2119 2984 pro
2162 2914 2358 2966 omissa
2389 2905 2620 2965 'haberet

1548 2994 1599 3036 et
1625 2983 1792 3035 verbo
1821 2991 2106 3034 insereret.

1617 3083 1727 3135 iter
1747 3090 2019 3160 pergeret.
2059 3080 2196 3133 Edd.
2218 3080 2469 3133 Beroald.
2490 3080 2620 3135 Rbe-

1548 3169 1688 3271 32¹3.
1732 3149 2620 3293 33,ss-1235222262⁵332d221283552

1548 3305 1698 3409 2³33
1719 3288 1774 3340 in
1782 3286 2095 3408 1‹iz-isttifcssattssg
2112 3286 2298 3340 Recte.
2354 3287 2427 3340 cf.
2448 3289 2530 3347 15,
2541 3287 2619 3343 27.

1585 3396 1600 3417 ,
1696 3395 1710 3408 .
1835 3376 1877 3408 ns
1903 3391 1917 3406 .
1983 3391 1999 3415 ,
2103 3395 2113 3407 .

1620 3443 2050 3494 exstimulabat.
2132 3438 2269 3492 Edd.
2299 3437 2424 3491 Ber.
2454 3431 2618 3494 Rhen.'

1551 3509 1677 3568 Ald.
1708 3511 2114 3567 extimulabat,
2150 3508 2225 3559 uti
2254 3505 2451 3571 solent.

1619 3595 1892 3663 aequalis.
1964 3591 2056 3646 Sic
2085 3592 2166 3646 ed.
2187 3587 2441 3644 Beroald.
2474 3591 2621 3666 aliae·

1554 3683 1676 3733 que.
1745 3662 1846 3715 Ed.
1871 3661 2115 3714 Rhenan.
2141 3660 2382 3730 aliaeque
2411 3680 2621 3730 aequa-

1552 3733 1676 3785 leiS.
1748 3730 1872 3784 Ald.
1901 3732 2180 3796 aequales.

1621 3816 1866 3870 anteire.
1943 3814 2068 3867 Ed.
2122 3810 2378 3865 Beroald.
2436 3813 2624 3868 vitiose

1552 3894 1753 3935 antere
1807 3891 2003 3952 parat.

1553 3971 1684 4006 nan.
1731 3959 1739 3972 '

1590 4047 1594 4050 “
1624 4050 1761 4105 ΟΛΡ.
1797 4052 1882 4106 67.
1972 4051 2298 4104 Ριιόῖιίιοῑα.1
2362 4049 2460 4103 Sic
2507 4048 2623 4103 MS.

1555 4121 1677 4173 edd.
1694 4121 1815 4172 Ber.
1843 4119 2019 4172 Rhen.
2038 4120 2161 4173 Ald.
2202 4119 2490 4186 Poplicola
2514 4119 2627 4173 edd.

1554 4190 1701 4261 Lips.
1742 4188 1895 4247 Pich.
1923 4188 2078 4242 Grut.
2106 4207 2224 4258 sqq.

1627 4276 2062 4340 adgerebantur.
2114 4273 2209 4326 sic
2233 4272 2355 4326 edd.
2381 4282 2514 4330 vett.
2557 4271 2628 4328 cf.

1557 4352 1677 4399 not.
1702 4343 1770 4397 ad
1799 4344 1846 4408 1,
1873 4343 1960 4397 19.

2101 3880 2427 3938 Emendavit
2484 3882 2622 3937 Rhe·
2715 3907 2718 3912 ·
