2794 5085
416 373 667 428 xxvm
1169 347 1892 435 PRAEFATIO..
1925 456 1964 475 ‚.

415 509 1001 583 Helmstadiensis
1024 509 1452 580 moderator.
1554 505 1643 575 In
1674 484 2198 579 cormnentariis
2224 511 2642 604 scripturam

417 616 568 686 eius
591 613 941 702 insignem
968 611 1117 683 feci'
1134 610 1425 679 nomine
1457 603 1722 680 Alciati
1748 607 2164 680 Ernestium
2195 628 2497 687 secutus.

614 740 885 814 Editio
913 739 1231 814 Iuntina
1248 798 1269 828 ‚
1316 768 1499 836 quae
1525 743 1792 836 prodiit
1814 742 2215 815 Florentiae
2249 770 2333 814 ex
2359 747 2639 820 officina

415 849 737 934 Iuntina,
783 850 909 922 22.
942 842 1127 916 Maii
1161 841 1419 931 1527„
1471 847 1701 915 forma
1747 846 2140 932 octonaria,
2206 850 2464 939 repetit
2505 847 2640 920 Be-

412 952 814 1022 roaldinam
837 1005 857 1034 ‚
906 949 1048 1017 nisi
1075 949 1268 1043 quod
1296 941 1472 1021 Ant.
1501 945 1900 1019 Francinus
1937 974 2101 1018 cum
2138 948 2639 1044 typographica
2662 950 2674 960 ’

412 1069 569 1125 tum
610 1053 748 1124 alia
773 1052 1124 1146 quaedam
1159 1049 1333 1120 vitia
1362 1050 1689 1124 correxit.
1791 1047 2124 1120 Extrema
2152 1048 2443 1145 Dialogi
2482 1079 2638 1146 pars

413 1160 656 1228 decem
686 1172 929 1224 versus
956 1153 1317 1245 complexa
1345 1150 1453 1221 ibi
1480 1154 1696 1226 deest.
1798 1149 2147 1223 Critieum
2177 1178 2390 1225 usum
2433 1152 2647 1255 huius·

409 1259 584 1330 libri
622 1258 907 1328 nullum
946 1280 1092 1326 esse
1122 1252 1497 1326 Ernestius
1530 1264 1854 1347 expertus
1894 1255 2161 1331 docuit.
2260 1253 2461 1327 Mihi
2497 1283 2638 1329 non

410 1362 548 1434 suit
575 1362 667 1430 ad
694 1370 972 1433 manus.
2317 1348 2324 1357 ἐ

618 1526 681 1622 ἓ.
713 1524 840 1600 24.
904 1518 1173 1595 Editio
1202 1519 1436 1596 Beati
1457 1516 1858 1607 Rhenani,
1921 1550 2101 1619 quae
2141 1527 2416 1618 prodiit
2440 1525 2636 1598 Basi-
2697 1570 2702 1575 ἢ

410 1630 560 1700 leae
589 1652 671 1698 ex
695 1628 977 1700 officina
989 1626 1443 1707 Frobeniana
1471 1652 1590 1701 an.
1617 1653 1687 1719 p.
1716 1624 1890 1702 Chr.
1925 1622 2181 1715 1533„
2226 1630 2460 1701 forma
2490 1638 2634 1701 ma-

408 1732 638 1818 xima,
674 1727 842 1805 ,hoc
884 1730 1126 1801 titulo:
1194 1722 1282 1799 P.
1312 1721 1654 1813 Cornelii
1687 1725 1947 1801 Taciti
1994 1728 2258 1828 equitis
2300 1725 2637 1804 Romani

397 1827 829 1911 Annalium
872 1829 973 1901 ab
1021 1853 1315 1903 excessu
1365 1825 1700 1927 Augusti
1734 1830 1924 1903 sicut
1973 1829 2127 1930 ipse
2172 1842 2415 1920 vocat,
2476 1832 2632 1904 sive

405 1933 794 2008 Historiae
839 1928 1256 2029 Augustae,
1335 1931 1471 2032 qui
1528 1930 1747 2028 vulgo
1805 1932 2130 2031 ‘receptus
2188 1933 2454 2007 titulus
2514 1945 2633 2018 est,

410 2035 597 2110 libri
649 2032 957 2128 sedecim
1012 2034 1147 2136 qui
1177 2043 1603 2133 supersunt,
1666 2034 1947 2133 partim
1991 2030 2212 2107 baud
2253 2035 2635 2109 oscitanter

406 2137 737 2240 perlecti,
781 2135 1063 2237 partim
1103 2159 1350 2236 nempe
1373 2134 1807 2237 posteriores
1845 2134 1959 2208 ad
1994 2136 2380 2237 exemplar
2414 2165 2631 2234 manu

403 2240 757 2342 scriptum
807 2239 1162 2336 recogniti
1191 2265 1477 2336 magna
1506 2234 1671 2334 fide
1714 2264 1838 2310 nec
1879 2240 2160 2317 minore
2205 2238 2478 2315 iudicio
2513 2266 2633 2341 per
2691 2289 2698 2299 ,

405 2342 729 2417 Beatum
761 2336 1243 2413 Rhenanam.
1341 2336 1583 2418 Nihil
1625 2336 1748 2413 hic
1771 2338 1987 2438 fingi
2025 2338 2378 2415 docebunt
2421 2342 2630 2416 casti-

398 2446 742 2545 gationes
800 2442 1000 2550 suis*
1023 2466 1350 2545 quaeque
1405 2440 1626 2514 libris
1688 2440 2015 2516 additae.
2142 2441 2493 2518 Libellus
2553 2441 2633 2516 de

405 2547 950 2626 Germanorum
973 2544 1307 2647 populis,
1354 2542 1749 2643 Dialogus
1795 2545 1892 2619 de
1923 2546 2384 2634 oratoribus,
2436 2545 2635 2621 deni·

406 2677 544 2754 que
605 2649 792 2726 Vita
853 2647 1057 2726 Iulii
1111 2645 1543 2746 Agricolae,
1637 2675 1785 2720 non
1842 2648 2088 2722 solum
2153 2649 2628 2724 emaculatius

401 2750 806 2856 prodeunt,
886 2735 1021 2824 sed
1062 2764 1126 2824 et
1174 2749 1620 2853 explicatius
1670 2747 2045 2825 adiunctis
2093 2739 2190 2824 ‘in
2246 2750 2448 2827 hanc
2493 2778 2630 2838 rem
2747 2843 2748 2846 Ἴ

403 2854 734 2930 scholiiS.
801 2853 1039 2956 Super
1068 2849 1250 2927 haec
1280 2855 1533 2928 omnia
1567 2865 2015 2926 accesserunt
2044 2855 2125 2927 in
2155 2853 2377 2929 initio
2410 2857 2631 2957 operis

404 2954 843 3032 Thesaurus
871 2956 1498 3032 constructionum
1516 2956 2099 3059 locutionumque
2122 2968 2186 3029 et
2218 2986 2462 3032 vocum
2476 2956 2628 3030 Ta-

405 3061 545 3135 cito
575 3060 993 3134 solennium
1032 3059 1277 3134 citatis
1312 3062 1532 3134 etiam
1569 3086 1664 3133 ex
1700 3056 1929 3132 Livio
1965 3059 2252 3160 plerum
2310 3087 2394 3134 ue
2436 3061 2626 3133 testi*

404 3165 710 3249 moniis,
756 3191 846 3239 ac
891 3163 971 3236 in
1009 3162 1201 3237 calce
1236 3188 1475 3237 rerum
1516 3163 2104 3235 memorabilium
2139 3161 2218 3234 in
2276 3190 2371 3237 ex
2398 3163 2626 3258 copio-

399 3267 765 3341 sissimuS.
859 3264 1018 3341 Nec
1053 3263 1313 3339 desunt
1347 3263 1671 3338 aliorum
1719 3264 1798 3336 in
1847 3261 2044 3340 hunc
2091 3278 2425 3340 autorem
2466 3274 2627 3337 ante

401 3365 708 3441 additae
736 3367 1254 3441 annotationes
1278 3368 1922 3469 praefationesque
1945 3369 2094 3442 sive
2112 3366 2483 3442 Beroaldi
2511 3392 2629 3439 seu

401 3468 752 3544 Alciati.”
891 3467 1290 3544 Rhenanus
1350 3472 1432 3541 in
1490 3468 1621 3542 hac
1673 3473 2001 3567 editione„
2042 3497 2212 3544 usus
2267 3489 2373 3546 est
2422 3486 2627 3564 textu,

406 3585 620 3671 quem
670 3575 954 3659 dicunt,
1021 3568 1320 3658 Alcimi,
1387 3565 1691 3668 eumque
1738 3577 2180 3666 recognovit,
2234 3569 2626 3646 emendavit

406 3703 569 3749 cum
618 3701 700 3746 ex
745 3676 1064 3768 ingenio,
1118 3690 1271 3746 tum
1314 3700 1351 3744 e
1396 3678 1635 3746 codice
1667 3674 1828 3751 MS.
1858 3675 2219 3763 Budensi‚
2268 3704 2480 3772 quem
2520 3676 2624 3746 di-

403 3781 704 3872 ligenter
737 3779 1055 3852 excussit.
1155 3774 1542 3869 Egregium
1589 3775 1783 3849 haud
1820 3781 2035 3850 dubie
2070 3779 2320 3852 Tacito
2349 3802 2627 3873 operam

403 3880 752 3975 praestitit
790 3880 1303 3973 innumeraque
1332 3881 1506 3951 vitia
1539 3882 1855 3966 sustulit,
1910 3907 2086 3975 quae
2117 3884 2206 3951 ad
2240 3908 2402 3952 eum
2446 3882 2625 3951 diem
2741 3903 2742 3906 ’

406 3987 485 4052 in
539 3985 698 4056 edd.
745 3983 1448 4052 circumferebantur:
1502 3984 1797 4051 nimiam
1841 3998 2079 4053 tamen
2126 3985 2335 4054 fidem
2384 3980 2625 4053 habuit

407 4086 636 4156 codici
694 4084 1011 4182 Budensi
1067 4085 1484 4155 melioribus
1541 4085 1748 4155 libris
1813 4087 2223 4172 destitutu8‚
2313 4101 2380 4156 et
2431 4075 2623 4153 ‘haud
2725 4151 2728 4152 γ

406 4213 570 4257 raro
615 4188 919 4272 invexit,
973 4212 1151 4280 quae
1185 4200 1423 4278 postea
1456 4211 1698 4257 rursus
1726 4201 1926 4257 erant
1961 4188 2291 4262 tollenda.
2399 4186 2624 4256 Huius

409 4289 738 4360 editionis
773 4290 1166 4380 exemplum
1197 4290 1383 4359 inter
1414 4314 1608 4358 meos
1640 4290 1862 4358 libros
1894 4304 2015 4360 est.
