2794 5085
280 271 301 339 <
395 308 478 385 v'1
973 334 978 341 ·
1159 308 1377 382 PRQA
1400 309 1871 389 aiv-amo,

398 471 605 552 Tito,
669 464 1131 549 Domitiano,
1179 463 1474 552 Nerva,
1512 466 1849 542 TraianO.
1983 469 2264 559 Quibus
2307 474 2624 549 consuli-

290 586 291 591 ’
394 576 527 643 bus
567 571 658 640 sit
699 582 938 652 natm,
966 581 1176 639 ”certo
1223 593 1372 637 non
1418 585 1715 643 constat:
1785 572 2191 669 verisimilis
2236 589 2470 644 tamen
2509 581 2622 645 vi-

395 677 601 744 detur
643 694 789 740 esse
830 694 906 738 ea
948 673 1415 760 computatio,
1468 697 1604 765 qua
1651 677 1916 759 natales
1964 656 2196 745 Taciti
2239 676 2620 747 conferun-

392 793 510 848 tur
534 776 613 842 in
647 799 759 844 an.
786 773 944 845 urb.
977 768 1147 842 805.
1183 774 1292 840 vel
1329 772 1497 843 806.
1527 776 1636 843 vel
1668 776 1838 849 807.
1877 773 1977 871 (p.
2006 773 2176 851 Chr.
2208 774 2615 876 52-54.)·.

257 867 273 876 ’
387 879 571 948 Nam
605 875 880 946 Plinius
909 898 1064 965 epp.
1096 854 1510 960 v11‚20.se
1539 891 1606 947 et
1636 876 1965 949 Tacitum
2006 894 2226 950 aetate
2266 896 2333 951 et
2382 884 2632 981 digni?

336 996 350 1015 ‘
390 994 529 1052 tate
561 978 1071 1071 propemodum
1103 979 1438 1070 aequales
1460 979 1664 1063 dicit,
1716 980 1810 1051 ita
1842 997 2078 1051 tamen
2121 998 2202 1053 ut
2245 1009 2410 1052 mox
2446 1008 2617 1075 pro-

389 1084 667 1152 fiteatur
698 1104 769 1150 se
803 1079 1404 1177 adolescentulum
1439 1081 1686 1166 fuisse,
1735 1108 1895 1153 cum
1932 1085 2073 1152 iam
2102 1083 2390 1157 Tacitus
2428 1086 2615 1159 fama

389 1185 750 1276 gloriaque
809 1180 1151 1252 floruerit.
1309 1180 1542 1271 Quam
1607 1186 1660 1252 f
1637 1210 1866 1253 unam
1921 1174 2361 1281 gloriamque
2419 1183 2611 1257 haud

390 1289 624 1378 inepte
666 1285 922 1354 referes
964 1285 1054 1352 ad
1098 1283 1612 1377 eloquentiam,
1678 1313 1815 1381 qua
1858 1287 2149 1359 Tacitus
2196 1290 2472 1358 iuvenis
2533 1291 2644 1360 in·

386 1392 541 1459 foro
581 1402 648 1457 et
676 1386 954 1455 iudiciis
982 1386 1305 1457 excelluit
1347 1401 1509 1457 ante
1552 1384 1765 1459 initos
1808 1385 2149 1477 honoreS,
2199 1393 2443 1461 aetatis
2471 1417 2608 1460 an·-

387 1493 500 1561 nis
522 1489 852 1559 vicesimo
888 1488 1030 1555 fere
1062 1502 1130 1557 et
1153 1488 1712 1582 insequentibus,
1816 1489 1921 1561 Ea
1956 1495 2147 1562 enim
2181 1509 2402 1564 aetate
2438 1509 2607 1564 tune

384 1596 675 1664 iuvenes
742 1591 1090 1708 ingressos
1146 1608 1290 1659 esse
1356 1616 1466 1660 res
1533 1596 1918 1681 gerendas
1939 1598 2144 1669 docet·
2183 1597 2603 1687 ,exemplum

380 1695 673 1779 Plinii,
658 1693 844 1786 qui
898 1715 1086 1761 anno
1144 1695 1671 1765 undevicesimo
1726 1697 1959 1767 dicere
2022 1698 2101 1766 in
2155 1700 2310 1768 foro
2356 1698 2604 1789 coepit.

281 1820 292 1839 ·
384 1801 469 1871 cf.
511 1751 696 1914 Ep'p3
738 1793 825 1879 V,
868 1794 937 1867 8.
1054 1788 1657 1865 Adolescentulus
1698 1813 1932 1869 autem
1970 1799 2268 1868 Plinius
2291 1800 2610 1887 cogitan-

344 1903 515 1971 .dus
587 1899 753 1981 erit,
844 1895 970 1989 qui
1038 1898 1267 1988 posita
1332 1912 1686 1990 praetexta
1743 1902 2004 1992 puerili
2064 1916 2460 1971 versaretur
2525 1901 2607 1970 in

380 1999 640 2074 scholis
698 1995 1087 2073 rhetorum.
1217 1999 1518 2071 Formae
1562 2004 2022 2075 diminutivae
2069 2027 2350 2097 quoque
2401 2026 2606 2073 suam

380 2104 525 2173 vini
554 2094 1005 2177 tribuendam
1031 2116 1240 2193 puto,
1288 2118 1370 2173 ut
1399 2106 1656 2194 cogites
1685 2102 2049 2193 hominem
2077 2107 2194 2175 vix
2226 2105 2606 2197 pueritiam

379 2230 767 2298 egressum,
842 2201 1033 2277 haud
1086 2206 1429 2295 maiorem
1469 2233 1680 2300 quam
1725 2208 2323 2301 quattuordecim,
2389 2207 2608 2300 quin-

266 2366 270 2377 ,
377 2311 607 2391 decim
652 2309 766 2377 vel
806 2307 1108 2377 sedecim
1155 2332 1531 2380 annorum.
1664 2308 1854 2378 Hinc
1912 2310 2262 2399 intelliges
2319 2334 2436 2378 sex
2488 2310 2603 2379 vei

376 2427 533 2483 octo
568 2413 663 2481 ad
690 2435 1048 2479 summum
1079 2432 1303 2489 annos
1334 2412 1519 2481 inter
1556 2411 1923 2502 utriusque
1964 2411 2104 2479 viri
2146 2424 2443 2483 aetatem
2487 2412 2605 2479 in·-
2703 2450 2706 2451 ν

377 2515 789 2589 tercessisse.
895 2512 999 2584 Ne
1028 2512 1367 2583 maiorem
1397 2514 1556 2581 cred
1567 2535 1638 2580 as
1670 2534 2086 2598 numerum,
2139 2513 2286 2605 ipsa
2313 2537 2426 2584 res
2454 2513 2603 2584 dis-

377 2620 642 2691 suadet.
745 2616 949 2687 Nam
967 2617 1484 2706 propemodum
1523 2614 1834 2707 aequalis
1878 2616 2084 2685 alteri
2121 2618 2406 2687 videtur
2451 2639 2604 2690 non
2663 2673 2666 2676 Α

377 2747 555 2806 esse,
608 2721 733 2814 qui
761 2717 1101 2787 decennio
1134 2716 1406 2804 integro
1450 2715 1599 2785 eius
1643 2731 1938 2786 aetatem
1967 2719 2345 2791 antecedit.
2449 2717 2598 2787 Iam

373 2824 689 2906 Plinius,
739 2835 819 2891 ut
860 2820 1007 2909 ipse
1055 2830 1346 2888 testatur
1370 2815 1553 2936 Epp.
1585 2817 1705 2903 VI,
1732 2820 1894 2903 20„
1946 2817 2600 2894 duodevicesimam

302 2937 307 2946 “
373 2951 642 2997 annum
675 2924 867 3013 ageh
855 2935 922 2990 ιι
960 2945 1042 2988 eo
1073 2919 1219 3003 die,
1271 2946 1413 3012 quo
1449 2922 1599 2989 eius
1633 2923 2025 2991 avunculus
2051 2917 2332 2993 Plinius
2369 2923 2599 2992 maior

371 3033 448 3099 in
474 3027 737 3103 montis
758 3022 821 3088 V
824 3047 1049 3091 esuvu
1076 3021 1407 3092 incendio
1435 3023 1675 3115 periit:
1729 3023 1944 3117 idque
1969 3026 2232 3100 accidit
2251 3038 2600 3095 autumno

371 3159 486 3205 an.
532 3131 690 3201 urb.
728 3126 898 3198 83⁶).
941 3150 1010 3214 p.
1044 3119 1213 3197 Chr.
1247 3124 1365 3198 79.
1403 3157 1408 3162 ·
1470 3125 1692 3196 Natus
1733 3126 1966 3217 igitur
1985 3128 2108 3197 ille
2139 3152 2266 3201 an.
2308 3152 2378 3199 n.
2397 3117 2606 3211 814.

311 3251 323 3259 ‘
371 3229 638 3327 p.Chr.
673 3228 793 3301 61.
852 3226 1086 3297 Hinc
1116 3251 1463 3301 numeres,

295 3372 301 3384 ·
463 3330 465 3332 ’
575 3328 780 3403 Alius
817 3317 1312 3422 loc11S‚quem
1343 3332 1435 3400 ad
1480 3324 1680 3404 hanc
1703 3332 2298 3421 computationem
2339 3354 2599 3401 vocare

243 3443 247 3448 ’
289 3513 295 3517 ,
367 3421 566 3521 licet,
621 3445 837 3503 exstat
853 3431 918 3501 1
924 3457 1031 3504 ac
1049 3429 1232 3505 Hist.
1262 3429 1316 3517 Ι,
1349 3433 1414 3504 1.
1440 3432 1568 3502 ubi
1593 3432 2006 3521 dignitatem
2040 3458 2239 3508 suam
2266 3430 2596 3525 aVespa-

368 3542 570 3610 siano
614 3531 1015 3605 inchoatam
1054 3534 1288 3605 resera
1407 3532 1641 3622 Quem
1681 3535 1992 3625 primum
2034 3535 2396 3625 dignitatis
2433 3558 2597 3623 gra—

368 3645 540 3712 dum
575 3641 634 3709 si
668 3637 1126 3726 intelligimus
1156 3649 1640 3729 quaesturam,
1681 3638 1795 3708 uti
1829 3638 2190 3714 convenit
2197 3639 2409 3706 rebus
2429 3635 2596 3708 Ro·
2689 3722 2700 3732 χ

367 3745 630 3828 manis,
685 3755 1145 3833 putamusque
1184 3762 1346 3807 eum
1385 3732 1732 3808 honorem
1763 3737 2010 3811 Tacito
2054 3740 2424 3829 contigisse
2465 3739 2596 3810 illa

368 3861 637 3929 aetate,
686 3867 847 3937 qua
870 3855 1039 3911 tunc
1080 3840 1414 3924 solebat,-
1449 3855 1612 3912 ante
1665 3841 1940 3924 obitum
1977 3793 2394 3933 Vespasiani
2440 3836 2594 3934 (an.

366 3951 526 4020 urb.
555 3948 724 4020 832.
759 3971 826 4037 p.
858 3937 1028 4016 Chr.
1057 3940 1217 4037 79.)
1250 3942 1557 4016 Tacitus
1584 3943 1886 4059 explevit
1927 3944 2342 4015 vicesimum
2374 3943 2595 4035 quin-

367 4067 550 4135 tum,
597 4061 869 4118 sextum
915 4046 1026 4113 vel
1072 4047 1447 4136 septimum
1491 4044 1733 4115 aetatis
1777 4069 2063 4118 annum.
2168 4046 2349 4115 Nam
2394 4047 2593 4136 apud

366 4153 669 4223 Dionem
698 4149 824 4234 52,
853 4148 976 4220 20.
1030 4147 1414 4217 Maecenas
1443 4143 1760 4236 Augusto
1796 4119 2002 4218 dicit:
2045 4153 2595 4244 Κατάλέγεσθαι

369 4264 443 4331 δε
474 4260 600 4352 χρὴ
648 4260 737 4338 ἐς
754 4261 876 4342 μὲν
914 4257 1035 4346 τὴν
1079 4243 1350 4325 matida
1395 4256 2005 4338 ὀκτωκαιδεκέτὲις·
2043 4259 2142 4336 ἐς
2161 4259 2262 4327 δὲ
2279 4258 2358 4327 τὸ
2381 4260 2598 4330 συνέ-
