2794 5085
924 351 1647 430 PRAEFATIO.
1892 308 1938 455 Ι,
2161 294 2403 465 xxxix
2444 375 2468 445 ,'
2583 328 2590 341 ι

189 494 419 600 ptum,
490 506 616 600 qui
668 506 1156 599 complectitur
1200 507 1424 577 libros
1453 501 1849 577 Annalium
1881 496 2310 600 posteriores,
2335 524 2403 578 et

188 608 660 680 Historiarum
681 665 702 695 ‚
770 634 999 704 neque
1048 633 1219 695 vero
1267 609 1584 679 codicem
1634 608 1977 697 Corbeiae
2020 624 2403 701 repertum,

190 713 301 781 cui
363 711 612 783 insunt
671 712 944 804 priores
986 708 1383 783 Annalium
1437 711 1625 779 libri.
1737 713 2205 789 Doctissimus
2247 711 2403 785 Ro-

128 832 131 835 ’
187 811 411 900 thius»,
464 815 544 882 in
573 815 774 885 cuius
806 812 1135 884 manibus
1165 829 1269 903 est
1295 814 1579 885 collatio
1594 813 1931 900 Victorii,
1977 817 2056 884 in
2080 810 2195 882 his
2224 841 2405 909 quo-

189 941 320 1010 que
365 916 545 986 solet
590 928 973 1009 provocare
1014 919 1104 985 ad
1142 896 1446 987 Victorii
1481 917 1986 991 auctoritatem.
2087 913 2405 1009 Decepe-

162 1050 169 1061 κ’
187 1032 353 1088 runt
385 1019 625 1088 virum
652 1018 958 1091 Victorii
990 1020 1483 1090 adnotationes
1524 1043 1606 1087 ex
1612 1019 1926 1160 ingenio
1961 1020 2067 1091 ibi
2098 1019 2403 1106 additae,

186 1145 354 1215 quas
391 1121 689 1207 minime
723 1106 966 1197 celavi.

390 1270 456 1367 ξ.
488 1269 609 1343 36.
659 1269 1129 1342 Collationem
1175 1242 1439 1344 codicis
1488 1271 1651 1346 MS.
1700 1226 2313 1367 Guelferbytani
2291 1296 2407 1341 111-

170 1374 379 1446 stitui
423 1374 1040 1449 accuratissimam.
1142 1372 1368 1445 Porro
1399 1374 1720 1444 videram
1753 1376 1978 1461 multa
2010 1374 2327 1445 subsidia
2367 1399 2406 1444 e

187 1478 393 1550 codd.
435 1464 654 1549 MSS.
705 1468 940 1548 adlata
987 1476 1066 1546 in
1115 1477 1547 1548 editionibus
1596 1476 1907 1548 Broterii
1960 1478 2406 1573 aliorumque
2521 1484 2526 1497 “

183 1580 402 1649 latere
433 1579 751 1667 neglecta
786 1579 933 1648 fere
967 1579 1479 1651 recentioribus
1515 1580 1940 1665 editoribUS‚
2004 1604 2136 1648 nec
2180 1580 2405 1648 ullam
2466 1622 2478 1631 «

186 1696 451 1750 exstare
490 1680 873 1751 editionem
896 1737 917 1767 ,
985 1707 1164 1775 quae
1211 1706 1497 1752 omnem
1542 1696 1721 1776 quae
1753 1682 2067 1752 innotuit
2099 1681 2253 1751 vari
2259 1696 2407 1752 eta-

65 1814 75 1822 ·
182 1799 325 1855 tem
356 1783 745 1875 scripturae
794 1785 1298 1877 complectatur
1341 1799 1412 1856 et
1459 1810 1622 1855 cum
1670 1785 1923 1862 talium
1967 1808 2211 1855 rerum
2258 1798 2409 1854 stu-

130 1956 140 1968 ,
182 1886 404 1955 diosis
448 1882 942 1961 communicet.
1055 1885 1296 1975 Quare
1344 1887 1838 1957 concinnanda
1889 1900 1961 1956 et
2007 1886 2087 1955 in
2137 1901 2408 1973 certum

186 1988 514 2059 ordinem
542 1989 926 2079 redigenda
960 1990 1132 2061 duxi
1155 2014 1614 2082 quaecunque
1651 2013 1687 2057 e
1717 1991 1921 2059 codd.
1944 1986 2162 2087 MSS.
2193 1989 2408 2059 inno-
2466 2061 2473 2067 ,

189 2091 454 2160 tuerint
485 2116 526 2160 a
558 2092 842 2181 vulgata
877 2093 1220 2184 scriptura
1249 2091 1529 2161 diversa
1567 2093 1806 2160 aut'ad
1848 2091 2408 2162 confirmandam
2503 2122 2506 2125 ¹

98 2254 101 2265 .
198 2196 491 2263 eandem
543 2192 825 2271 idonea.
942 2190 1240 2263 Excussi
1289 2192 1508 2283 igitur
1559 2216 1805 2262 omnes
1856 2205 2203 2287 quantum
2255 2191 2410 2263 fieri

197 2296 417 2387 potuit
480 2296 739 2381 libros,
824 2296 1085 2390 quibus
1139 2296 1465 2365 codicum
1507 2294 1944 2367 MSStorum
1995 2293 2408 2369 collationes
2492 2358 2496 2365 .

192 2396 467 2482 insunt,
540 2410 625 2467 ut
669 2423 816 2468 uno
865 2408 1242 2491 conspectu
1282 2393 1691 2468 exhiberem
1712 2455 1733 2485 ‚
1801 2423 1990 2517 ’quae
2037 2391 2410 2491 hucusque

190 2525 226 2569 e
256 2500 500 2571 multis
536 2501 739 2572 libris
769 2516 971 2571 erant
998 2488 1502 2596 conquirenda.
1600 2499 1819 2591 Qua
1797 2526 1873 2570 ιιι
1907 2513 2104 2594 porte
2134 2500 2195 2569 si
2220 2525 2410 2571 non-

188 2604 387 2672 nulla
436 2628 554 2672 me
603 2605 949 2695 fugerint,
1008 2604 1293 2674 veniam
1335 2619 1503 2723 peto
1544 2621 1834 2714 propter
1883 2604 2147 2710 molem
2195 2598 2412 2674 huius

186 2705 473 2823 laboris.
574 2702 951 2777 Potissima
976 2713 1164 2777 certe
1192 2707 1530 2811 congessi.

184 2925 187 2928 ,
390 2846 457 2942 ᾗ.
509 2846 651 2920 87.
693 2844 1071 2922 Editiones
1136 2865 1408 2920 veteres
1471 2847 1617 2918 iam
1678 2848 1957 2941 pridem
2016 2801 2410 2936 Ernestiuffi

185 2945 562 3021 Broterius
609 2953 681 3021 et‘
718 2948 1115 3023 Oberlinus
1160 2948 1462 3022 feliciter
1508 2952 1588 3020 in
1631 2975 1843 3021 usum
1880 2950 2204 3028 criticum
2236 2976 2410 3021 con-
2475 2965 2482 2974 ’

185 3067 589 3138 verterant,
655 3056 777 3123 sed
820 3077 1054 3147 neque
1101 3049 1479 3142 diligenter
1522 3054 1690 3123 satis
1720 3075 1951 3154 neque
1986 3078 2067 3123 eo
2105 3079 2246 3146 quo
2265 3078 2412 3146 par

186 3168 341 3225 erat
373 3155 666 3225 ordine·
716 3158 941 3227 multa
971 3154 1187 3225 etiam
1215 3156 1392 3226 falsa
1423 3155 1591 3225 inde
1630 3147 2031 3226 attulerant.
2135 3153 2275 3225 Cui
2305 3156 2412 3225 rei

183 3271 307 3327 ut
326 3257 588 3326 melius
648 3259 1134 3328 consuleretur
1149 3312 1171 3343 ‚
1235 3257 1547 3327 curatius
1607 3256 2005 3325 examinavi
2067 3249 2414 3348 editiones

184 3347 637 3451 spirensem,
687 3358 1063 3430 Puteolani
1090 3357 1705 3430 Mediolanensem
1738 3371 1807 3428 et
1838 3356 2219 3446 Venetam,
2269 3358 2411 3431 Be-

185 3463 457 3548 roaldi,
504 3455 784 3534 Alciati
804 3458 1050 3554 (Basil.
1088 3456 1376 3558 1519.)‚
1433 3449 1813 3547 liberiani,
1866 3453 2042 3531 Aldi
2070 3462 2415 3533 aliorum-
2481 3454 2514 3566 ’ἱ

118 3589 125 3596 ’
186 3589 362 3656 que,
414 3578 500 3634 ut
538 3565 683 3633 iam
719 3572 1025 3650 constet3
1070 3588 1249 3655 quae
1290 3566 1380 3635 sit
1417 3566 1753 3658 cuiusque
1785 3564 2177 3655 scripturae
2213 3566 2411 3655 origo

184 3679 414 3759 atque
432 3667 813 3757 auctoritas
830 3720 851 3752 ‚
903 3690 1081 3759 quae
1118 3668 1510 3738 debeantur
1543 3681 1868 3738 veterum
1913 3666 2239 3737 codicum
2267 3681 2413 3736 tra-

141 3787 149 3800 “
186 3768 456 3838 ditioni
489 3784 612 3840 aut
642 3768 1114 3858 recentiorum
1144 3770 1502 3858 editorum
1536 3770 1998 3846 coniecturae.
2086 3764 2412 3839 Omnino

188 3869 267 3938 id
309 3871 421 3961 egi
436 3925 458 3958 ,
524 3886 609 3941 ut
651 3885 1045 3941 accuratam
1093 3881 1363 3964 textus,
1430 3896 1642 3965 quem
1691 3872 1941 3942 dicunt
1956 3924 1977 3956 ,
2017 3865 2413 3962 ,historiam

184 3971 269 4040 in
312 3967 446 4046 hac
484 3974 798 4044 editione
836 3972 1280 4090 exponerem.
1377 3972 1631 4044 Nimia*
1656 3974 1946 4044 fortasse
1989 3973 2414 4067 quibusdam

185 4074 554 4147 videbitur
595 4099 809 4167 opera
840 4074 919 4143 in
947 4070 1078 4144 hac
1115 4099 1193 4144 re
1230 4077 1488 4168 posita.
1554 4101 1721 4145 nam
1755 4076 2089 4146 editionis
2117 4073 2420 4167 Spiren-

186 4173 288 4243 sis
345 4178 828 4272 aliorumque
863 4177 1215 4249 librorum
1277 4202 1499 4273 nugas
1553 4202 2006 4273 quascunque
2057 4178 2413 4252 adnotavi.
2508 4249 2510 4251 .

187 4274 330 4354 Sed
385 4282 559 4380 quia
614 4281 727 4353 ed.
778 4278 964 4375 Spir.
1019 4279 1337 4378 aliaeque
1384 4296 1657 4355 veteres
1715 4294 1880 4355 sunt
1931 4280 2155 4354 instar
2215 4280 2414 4381 eodi-
