2794 5085
356 296 511 374 214

1165 289 1778 368 ANNALIUM
1829 267 1863 360 s

2227 291 2297 339 Α.
2313 292 2382 337 U.
2398 290 2503 338 m.

2227 344 2300 392 A.
2321 344 2378 390 C.
2426 346 2503 390 2⁰.
2560 389 2564 393 ,

362 454 526 552 ιιίει]1
547 476 634 522 ac
693 463 944 536 tecta‚-
996 473 1274 543 quaque
1339 447 1753 539 lengissime
1808 453 2243 544 prospectari
2303 468 2606 546 poterat„

362 554 842 626 maerentium·
867 554 1077 622 turba
1106 566 1175 622 et
1198 553 1662 643 rogitantium
1691 552 1878 623 inter
1907 577 2017 638 se,
2081 554 2468 627 silentione
2516 582 2605 640 an

363 682 536 735 voce
565 657 803 749 aliqua
833 655 1309 745 egredientem
1348 655 1794 747 exciperent?
1859 680 2091 750 neque
2123 658 2299 727 satis¹
2329 674 2605 736 consta-

362 762 523 864 bat,
590 759 762 852 quid
793 783 923 849 pro
958 772 1273 849 tempore
1297 758 1515 826 foret:
1588 784 1752 828 cum
1790 760 2030 829 classis
2065 761 2431 851 paulatim.
2456 785 2610 831 sue--⁴

365 862 603 945 cessit,
655 885 804 929 non
847 859 1096 943 alacri,
1146 872 1228 927 ut
1272 860 1580 924 adsolet-
1647 861 1978 950 remigio,
2037 863 2157 931 sed
2199 863 2479 932 cunetis
2521 864 2628 938 ad-

360 964 724 1034 tristitiam
783 961 1176 1053 compositis

315 1075 326 1084 ”
361 1067 653 1135 feralem
678 1089 939 1134 urnam
971 1078 1176 1132 tenen

1802 964 2079 1032 duobus*
2130 969 2316 1035 cum<
2349 965 2612 1050 liberis,

1809 1066 2048 1134 defixit
2077 1067 2364 1152 oculos,
2418 1067 2609 1135 idem

337 1168 688 1238 ¹omnium
721 1167 1055 1256 gemitus:
1122 1190 1354 1257 neque
1388 1192 1825 1241 anuum-:res
1848 1167 2249 1259 proximos,
2319 1166 2612 1254 alienos.

361 1270 685 1340 virorum
739 1261 1256 1337 feminarumve
1309 1268 1675 1358 planctus,
1750 1268 1893 1338 nisi
1947 1271 2141 1362 quod
2197 1272 2612 1354 comitatum

259 1382 261 1387 ’
359 1366 799 1464 Agrippinae
815 1372 1029 1461 longo
1059 1392 1377 1458 maerore
1411 1371 1677 1441 fessum
1703 1372 1901 1441 obvii
1930 1386 1998 1441 et
2027 1388 2350 1450 recentes
2377 1375 2460 1444 in
2487 1375 2614 1443 do-

261 1509 268 1512 ·
359 1475 513 1544 lore
542 1474 930 1546 anteibant.

360 1675 503 1728 tima
520 1662 781 1741 Africam·
813 1671 864 1735 4,
883 1669 952 1723 46
982 1678 1033 1723 et
1061 1667 1142 1728 12,
1168 1668 1253 1721 56.
1285 1670 1441 1721 edita

360 1744 681 1805 montium5
749 1740 886 1794 Hist.
936 1738 986 1802 S,
1026 1737 1111 1791 42.
1162 1741 1441 1805 proxima

359 1814 610 1865 litorum.
704 1810 1010 1865 Falluntur.
1106 1805 1246 1859 Nam
1307 1826 1437 1860 usus

358 1880 615 1953 loquendi
663 1881 823 1935 etiam
857 1878 995 1940 fert,
1051 1885 1111 1929 ut
1155 1878 1438 1942 proxima

360 1952 544 2003 marz‘s
599 1949 962 2003 intenioamus
1017 1964 1171 1998 oram
1223 1945 1435 1997 mariti·

344 2039 527 2078 imam.
563 2019 567 2022 ’
624 2017 714 2071 Sic
754 1990 889 2070 liist.
925 2014 974 2078 5,
1013 2014 1096 2067 16.
1161 2016 1325 2065 laeva
1376 2032 1445 2065 ac

355 2090 631 2157 propiora
653 2085 949 2157 fluminis,-
1001 2084 1076 2137 ib.
1109 2083 1160 2142 2,
1188 2084 1239 2139 2..
1278 2086 1448 2134 laeva

357 2158 557 2210 r'naris.
586 2220 589 2224 ¹
633 2157 700 2209 Et
729 2156 863 2209 Hist.
889 2152 1037 2217 214.
1078 2170 1257 2204 vacuo
1286 2151 1449 2203 mari

357 2226 615 2280 scribitur
641 2245 740 2297 pro
769 2224 928 2277 litore
953 2220 1228 2275 maritimo
1254 2239 1444 2273 vacuo.

357 2294 445 2350 De
471 2295 736 2367 particula
763 2295 937 2346 emam
962 2302 1087 2363 post
1110 2294 1212 2344 sed
1245 2290 1447 2343 omissa

358 2364 465 2417 vid.
497 2375 611 2416 not.
641 2362 706 2417 ad
744 2365 790 2426 1,
816 2362 902 2414 77.

800 2429 886 2483 De
922 2428 1051 2485 'hoc
1076 2426 1274 2484 -verbo
1326 2426 1445 2484 vid.

362 2512 480 2557 not.
513 2502 579 2556 ad
608 2502 660 2564 2,
686 2500 772 2552 20.

430 2579 504 2624 et.
540 2570 928 2637 rogitantium.
1020 2566 1113 2620 Sic
1149 2566 1275 2621 cod.
1319 2565 1446 2620 MS.

364 2638 488 2692 edd.
530 2649 655 2695 vett.
698 2649 750 2690 et
790 2638 899 2690 lae.
942 2633 1186 2692 Gronov.
1218 2655 1336 2708 sqq.
1379 2653 1447 2688 ac

361 2710 727 2774 rogitantium
753 2706 873 2760 edd.
903 2704 1047 2776 Lips.
1072 2724 1192 2777 sqq.

430 2780 643 2830 duobus
685 2794 814 2828 cum
852 2777 1059 2831 liberis.
1154 2775 1243 2828 Sc.
1292 2773 1448 2826 Iulia

363 2844 422 2898 in
456 2845 629 2903 Lesbo
667 2846 840 2897 insula
877 2853 1021 2896 nata.
1070 2843 1142 2897 cf.
1180 2843 1230 2908 2,
1264 2841 1348 2896 54.
1396 2851 1449 2895 et

366 2915 503 2970 caio
530 2914 831 2984 (Caligula).
890 2913 959 2967 cf.
973 2911 1122 2967 Suet.
1141 2913 1257 2968 Cal.
1286 2933 1343 2968 c.
1358 2906 1446 2965 10.

367 2985 681 3038 Comitatus
723 2993 809 3035 est
843 2991 1070 3046 patrem
1107 2993 1162 3036 et
1200 2981 1448 3050 Syriaca

364 3056 737 3122 expeditione.
807 3050 1025 3123 Reliqui
1063 3052 1121 3104 in
1155 3053 1288 3104 urbe
1313 3051 1448 3103 inte·

365 3124 472 3176 rim
500 3132 886 3176 remanserant.
941 3119 1015 3175 ef.
1039 3119 1169 3173 infr.
1199 3141 1251 3174 e.
1278 3122 1327 3172 2.

418 3193 677 3262 feralem
706 3209 931 3252 urnam.
1004 3188 1073 3242 es.
1105 3209 1253 3260 supr.
1278 3190 1331 3252 2,
1361 3186 1449 3240 75.

432 3263 634 3330 defixit
687 3263 895 3313 oculos.
982 3257 1235 3311 Muretus
1285 3259 1449 3310 inter·

364 3341 646 3402 pretatur&
673 3326 911 3392 „oculos
945 3329 1191 3379 omnium
1224 3343 1450 3379 conver-

367 3402 436 3452 tit
459 3401 516 3451 in
542 3398 666 3450 se.’'
737 3396 987 3465 Plerique
1018 3406 1197 3450 tamen
1241 3393 1456 3448 intelli-

368 3470 656 3540 gunt‚„solo
693 3486 736 3517 s.
774 3466 835 3516 in
863 3475 1109 3528 terram,
1154 3465 1318 3535 idque
1362 3483 1446 3516 ex-

367 3534 575 3608 plicant
611 3535 674 3587 de
719 3552 809 3585 mo
844 3552 871 3585 e
911 3533 1166 3586 tristium.
1246 3531 1353 3585 Sed
1390 3533 1448 3583 in

364 3604 532 3657 verbo
569 3602 770 3672 defixit
812 3601 943 3655 nihil
988 3613 1095 3664 est,
1145 3620 1251 3654 nec
1293 3599 1450 3670 quid-

371 3691 534 3745 quam
564 3673 621 3725 in
646 3681 934 3734 contextu,
969 3673 1119 3742 quod
1146 3690 1261 3723 eam
1288 3671 1448 3723 ratio-

369 3761 499 3796 nem
557 3740 899 3810 comprobet,
1012 3741 1151 3793 Nam
1202 3740 1451 3808 defigere

368 3830 486 3864 non
516 3810 779 3881 significat
807 3809 1277 3874 niedersc'hlagen
1299 3847 1315 3875 ,
1350 3806 1454 3860 nisi

368 3880 577 3934 adiecto
636 3877 908 3931 vocabulo
967 3881 1088 3932 solo
1146 3898 1187 3930 s.
1233 3879 1293 3929 in
1335 3885 1461 3928 ἐπέ

369 3967 516 4011 ram.
576 3947 647 4001 cf.
678 3946 812 4000 Hist.
843 3946 897 4012 4,
928 3947 1011 3999 72.
1050 3947 1195 4015 fixis]
1238 3950 1295 3999 in
1329 3955 1455 3996 ter-

317 4016 327 4023 *
370 4028 501 4070 ram
568 4019 755 4070 oculis.
860 4017 975 4072 Nec
1048 4016 1202 4069 decet
1263 4013 1455 4086 Agrip-

373 4087 553 4160 pinam
614 4084 852 4139 defixisse
908 4085 1097 4139 oculos
1132 4084 1192 4137 in
1233 4090 1455 4155 terram,

374 4162 664 4225 conspecta
709 4155 1052 4208 salutantium
1080 4155 1287 4215 ,turbae
1352 4155 1458 4212 boc

377 4224 812 4277 erubescentium
854 4235 952 4276 est.
1036 4222 1243 4277 Debuit
1319 4222 1460 4275 otius

382 4291 574 4346 oculos
619 4291 851 4363 deligere
895 4292 958 4346 in
1000 4292 1220 4350 obviam
1312 4293 1461 4345 omi·

429 2435 702 2485 successit.

1527 1691 1658 1725 num
1704 1670 2112 1725 multitudinem
2155 1674 2258 1739 <sie
2300 1675 2492 1741 schlug
2527 1673 2609 1725 die

1524 1742 1727 1807 Augen
1754 1741 1921 1809 auf),
1958 1741 2119 1812 idque
2149 1741 2376 1794 demum
2405 1742 2609 1795 efficere

1524 1809 1728 1879 potuit,
1788 1820 1846 1862 ut
1883 1810 2030 1861 idem
2072 1811 2328 1864 omnium
2423 1809 2606 1867 emitas

1523 1888 1846 1948 erumperet.
1898 1879 2041 1933 Mira
2068 1880 2211 1933 enim
2243 1879 2301 1932 in
2331 1891 2382 1933 ta
2409 1881 2424 1933 i
2451 1898 2508 1933 re
2534 1888 2608 1930 est

1522 1948 1808 2002 oculorum
1825 1947 1923 2004 vis.
1944 1945 2392 2002 cf.Ovid.Am01-.
2404 1949 2455 2012 2,
2469 1946 2606 2010 8,15.

1531 2026 1593 2070 ut
1635 2026 1832 2069 tamen
1857 2018 2040 2069 iratos
2065 2020 2125 2069 ιἰι
2151 2028 2204 2069 te
2233 2019 2443 2089 defixit
2468 2016 2604 2069 ocel-

1530 2091 1642 2147 los,
1695 2088 1811 2138 vidi
1844 2097 1897 2139 te
1937 2088 2072 2139 totis
2109 2088 2398 2141 erubuisse
2431 2085 2603 2153 genis.

1533 2155 1702 2225 Quod
1734 2152 2033 2214 Oberlinus
2062 2150 2342 2225 intelligit:
2397 2156 2496 2215 „in
2525 2173 2605 2205 ur-

1532 2223 1734 2288 nam’',
1780 2225 2024 2298 ineptum
2067 2234 2163 2277 est.
2239 2224 2463 2279 Scilicet
2496 2232 2604 2273 tum

1532 2295 1756 2349 demum
1808 2294 1865 2365 in
1916 2314 2112 2348 urnam
2141 2294 2347 2347 defixit
2401 2292 2605 2348 oculosx

1530 2362 1701 2434 magis
1746 2361 2003 2417 credibile
2043 2362 2390 2427 est,·-defixis
2431 2361 2487 2413 in
2523 2379 2603 2412 ur·

1530 2451 1659 2485 nam
1711 2432 1883 2484 oculis
1936 2432 2041 2486 iam
2092 2430 2244 2503 prius
2286 2433 2432 2485 illam
2479 2430 2602 2486 inse·

1533 2502 1670 2556 disse
1702 2500 1849 2556 navi.
1923 2500 2026 2558 Hie
2065 2512 2240 2556 autem
2285 2520 2402 2556 non
2428 2499 2603 2554 solitus

1531 2570 1861 2641 Agrippinae
1886 2570 2099 2626 habitus
2123 2572 2476 2632 describitur,
2518 2565 2600 2620 sed
2694 2602 2696 2604 v

1533 2630 1732 2694 dicitur
1773 2639 1976 2710 aliquid
2017 2641 2221 2696 factum
2282 2657 2427 2704 esse3
2482 2652 2597 2690 nam

1532 2711 1704 2828 verllm
1752 2709 1908 2763 sunt:
1970 2720 2276 2782 poetquam
2314 2739 2385 2752 --
2420 2702 2601 2776 defi-ait

1534 2797 1637 2832 ocu
1661 2794 1742 2831 os.

1602 2855 1848 2899 recentes
1876 2847 1934 2898 in
1958 2849 2170 2900 dolore.
2248 2845 2486 2916 Quidam
2521 2841 2598 2895 de·

1533 2916 1630 2970 leri
1668 2916 1864 2970 volunt
1900 2916 1961 2967 in
2001 2926 2130 2971 ante
2159 2920 2363 2973 dolore
2397 2922 2600 2986 propter

1533 2985 1642 3041 loc.
1686 2987 1922 3054 supr-ul,
1963 2982 2052 3038 41.
2100 3003 2296 3037 recens
2331 2987 2515 3037 dolore
2551 2985 2600 3030 ct

1533 3055 1643 3107 ira.
1716 3053 1879 3106 Addo
1921 3053 2052 3106 infr.
2102 3054 2185 3114 15,
2215 3054 2302 3107 59.
2338 3048 2599 3119 stipendi&

1534 3131 1818 3186 recentes3
1872 3120 2007 3174 Hist.
2028 3121 2078 3182 3,
2095 3123 2182 3176 77.
2218 3139 2415 3176 recens
2436 3120 2595 3170 victo·
2660 3119 2666 3123 ’

1533 3195 1724 3245 ria-et
1763 3191 1832 3244 ali
1875 3210 1946 3244 uo
1992 3191 2150 3246 loco:
2202 3208 2400 3245 recens
2438 3201 2596 3257 prae·

1534 3271 1684 3313 tura.
1768 3257 1838 3312 Se
1913 3258 2197 3330 paululum
2237 3262 2484 3320 interest,
2529 3252 2594 3306 di-

1535 3340 1726 3384 cantur
1769 3339 2019 3382 recentes
2057 3334 2252 3383 dolore
2295 3329 2350 3384 h.
2382 3347 2428 3380 e.
2475 3339 2595 3395 quos

1536 3417 1724 3451 recens
1765 3398 1923 3450 dolor
1946 3398 2182 3462 finvasit,
2238 3409 2300 3452 ut
2345 3396 2414 3450 ita
2457 3391 2596 3446 dolor

1534 3466 1752 3539 plenam
1808 3466 1983 3521 adhuc
2020 3477 2227 3520 ‘exserat
2271 3467 2383 3522 vim
2424 3476 2595 3522 suam;

1535 3555 1604 3588 an
1654 3544 1908 3587 recentes
1961 3537 2021 3586 in
2061 3541 2254 3588 dolore
2296 3536 2348 3588 h.
2385 3554 2431 3587 e.
2474 3544 2591 3600 quos

1537 3603 1700 3657 dolor
1746 3605 1989 3656 nondum
2036 3604 2374 3677 defatigavit,
2433 3609 2489 3655 ut
2530 3595 2590 3647 3²²

1539 3682 1887 3792 opponantur
1924 3671 2088 3741 longo
2135 3690 2395 3731 maerore
2414 3664 2587 3738 fessi-³·

1539 3760 1570 3795 c
1597 3778 1609 3792 .
1661 3739 1792 3807 infr.
1849 3761 1896 3795 e.
1935 3743 2022 3796 70.
2076 3746 2270 3795 lentus
2321 3744 2376 3795 in
2421 3738 2592 3789 dolore

1537 3828 1662 3863 suo.
1745 3810 2065 3878 Formulam'
2099 3812 2246 3863 obvii
2280 3821 2336 3863 et
2369 3809 2591 3884 recente?

1538 3879 1700 3932 Roth.
1747 3898 1802 3950 p.
1849 3879 1929 3930 57.
1984 3881 2208 3952 explicat
2257 3899 2352 3952 per
2402 3874 2459 3929 ἓν
2507 3870 2591 3948 def!

1541 3949 1736 4016 δυοῖν,
1785 3959 1844 4001 ut
1887 3950 1955 4001 sit
1991 3969 2090 4021 pro
2131 3950 2275 4001 obvii
2313 3946 2589 4016 (substann-

1540 4021 1696 4088 vum)
1756 4027 2020 4079 recentes,
2085 4019 2158 4073 cf.
2208 4029 2329 4070 not.
2374 4014 2433 4067 ad
2473 4013 2514 4070 l,
2541 4004 2588 4055 2·

1542 4087 1642 4139 sub
1664 4107 1728 4149 Ν.
1760 4107 1809 4140 V.
1839 4095 1962 4138 tuta
1992 4097 2046 4140 et
2064 4087 2386 4156 praesentia
2412 4109 2473 4124 -·
2508 4089 2586 4144 v?-

1545 4160 1672 4209 tera
1705 4166 1760 4208 et
1781 4156 2104 4223 periculosa
2115 4179 2135 4222 ;
2186 4159 2235 4215 1,
2262 4153 2345 4208 32.
2382 4152 2584 4221 obstan:

1545 4234 1628 4278 tes
1671 4235 1727 4276 et
1765 4226 2043 4279 armatos.
2137 4225 2277 4278 Sunt
2324 4221 2471 4275 etiam
2507 4228 2595 4283 qm.

1550 4296 1608 4346 in
1633 4296 1830 4348 dolore
1856 4294 2068 4351 trahant
2091 4297 2158 4350 ad
2187 4292 2483 4349 anteibant.
