2794 5085
346 384 512 499 126

407 561 732 614 noverca·

1231 378 1844 487 ANNALmM

868 534 1059 608 nihil
1116 539 1419 614 deorum
1465 534 1863 613 honoribus
1918 543 2280 635 relictum,
2353 571 2520 618 cum
2577 572 2645 619 se

2198 298 2226 325 l

2294 382 2552 482 2:353:

371 645 692 740 ,templis
737 653 809 718 et
859 642 1085 732 effigie
1148 643 1534 712 numinum
1586 668 1716 738 per
1765 646 2089 715 flamines
2139 661 2209 733 et
2259 648 2647 720 sacerdotes

403 747 547 818 coli
577 746 810 816 vellet.
912 768 1005 812 ne
1041 743 1416 813 Tiberium
1448 746 1737 838 quidem
1776 748 2063 817 caritate
2106 762 2229 819 aut
2264 752 2370 819 rei
2405 754 2645 843 publi-
2719 828 2722 831 ,

405 872 527 919 cae
546 872 714 917 cura
740 868 1211 915 successorem
1225 847 1606 916 adscitum:
1640 850 1763 917 sed
1793 850 2135 941 quoniam
2159 852 2644 942 adrogantiam

395 950 905 1042 saevitiamque
941 947 1091 1017 eius
1127 948 1658 1039 introspexerit,
1696 950 2234 1043 'comparatione
2267 956 2643 1026 deterrima

402 1052 542 1121 sibi
575 1051 877 1144 gloriam
903 1051 1348 1142 quaesivisse.
1449 1047 1743 1120 Etenim
1768 1045 2166 1145 Aug-ustus,
2214 1057 2459 1146 paucis
2486 1072 2643 1127 ante

400 1154 646 1239 annis,
722 1176 886 1220 cum
929 1151 1226 1239 Tiberio
1267 1152 1729 1222 tribuniciam
1770 1167 2190 1245 potestatem
2236 1182 2278 1225 a
2319 1159 2642 1249 patribus

401 1279 690 1326 rursum
734 1253 1158 1346 postularet,
1222 1278 1636 1348 quanquam
1678 1250 1957 1325 honora
2001 1258 2322 1326 oratione
2340 1314 2361 1344 ,
2425 1285 2642 1353 quae-

400 1359 567 1427 dam
603 1357 693 1426 de
737 1350 990 1430 habitu
1028 1357 1368 1450 cultuque
1409 1369 1480 1426 et
1516 1352 1862 1429 institutis
1901 1357 2055 1427 eius
2099 1359 2392 1446 iecerat,
2458 1385 2639 1456 quae

396 1459 597 1529 velut
631 1457 1029 1530 excusando
1056 1458 1536 1550 exprobraret.

393 1697 506 1752 tes,
545 1694 899 1741 mutaverunt
933 1694 1024 1739 aut
1063 1684 1123 1740 in
1156 1689 1373 1754 gravis,
1413 1696 1474 1740 ut

391 1757 650 1812 suadente
660 1754 1068 1807 BeroaldoAld.
1087 1774 1202 1837 sqq.
1219 1755 1473 1810 lac.Gro·

391 1825 609 1888 novius,
634 1822 896 1879 Wolfius
912 1843 1028 1895 sqq.
1051 1833 1140 1876 aut
1158 1843 1219 1889 tn,
1227 1828 1473 1889 gravior,

391 1905 452 1948 ut
474 1888 730 1955 Picbena,
756 1910 921 1962 quem
944 1892 1155 1963 sequuti
1184 1903 1310 1945 sunt
1328 1892 1473 1963 Lips-

384 1963 662 2033 Bernegg.
678 1981 793 2033 sqq.
859 1959 934 2013 At
946 1959 1119 2015 Taciti
1144 1961 1328 2013 stilum
1353 1980 1472 2015 non

388 2031 777 2093 satis‘novere,
812 2028 907 2102 qui
935 2027 1025 2081 hic
1051 2029 1255 2101 aliquid
1287 2048 1473 2082 emen·

386 2099 631 2154 dandum
667 2118 781 2152 esse
819 2108 1126 2151 censerent.
1223 2098 1470 2151 Gravius

389 2182 467 2221 est
510 2167 851 2229 adverbium,
913 2165 1180 2236 significat
1217 2166 1480 2231 graviori.

385 2239 587 2299 modo,
646 2235 1000 2302 gravioribus
1037 2238 1332 2288 sceleribus
1368 2234 1468 2287 Li-

385 2304 534 2360 viam
574 2303 759 2357 domui
800 2303 1093 2357 Caesarum
1141 2303 1306 2355 fuisse
1353 2323 1467 2355 no·-

334 2376 337 2385 '
383 2392 628 2431 vercam.
715 2371 889 2424 Plane
942 2371 1022 2423 sic
1056 2371 1257 2424 Noster
1296 2371 1467 2431 utitur

383 2440 677 2497 adverbiis.
748 2439 822 2493 cf.
850 2439 979 2491 infr.
1011 2440 1063 2499 4,
1091 2439 1176 2493 47.
1221 2440 1466 2508 Quidam

383 2530 423 2564 a
438 2514 620 2562 uden
637 2518 660 2561 t
675 2509 783 2561 ius
837 2509 1053 2574 apertis
1118 2510 1178 2560 in
1238 2508 1467 2562 collibus

381 2580 736 2641 visebantur,
785 2576 839 2629 h.
866 2594 913 2629 e.
951 2576 1257 2640 audentiori
1292 2577 1464 2629 modo

382 2647 487 2704 usi.
559 2648 667 2699 An.
704 2646 785 2704 15,
811 2644 899 2698 45.
925 2648 1177 2705 Aurum,
1213 2649 1362 2714 quod
1392 2678 1468 2689 --

382 2714 565 2768 omnis
587 2716 791 2781 populi
798 2714 1056 2765 Romani
1085 2723 1247 2782 aetas
1284 2731 1464 2780 pro·-

379 2794 588 2851 sper'e
641 2792 743 2834 aut
795 2783 859 2833 in
909 2791 1062 2832 metu
1111 2792 1461 2836 sacraverat.

381 2852 658 2917 Prospere
704 2850 757 2903 h.
805 2869 853 2903 e.
902 2868 1168 2920 prospero
1211 2851 1268 2904 in
1306 2860 1463 2914 statu,

378 2919 677 2990 respondet
735 2916 890 2970 alteri
944 2919 1105 2972 voci:
1169 2920 1230 2970 in
1286 2929 1462 2974 metu.

381 2988 572 3041 Germ.
629 3006 679 3042 c.
716 2988 767 3041 5.
815 2987 1111 3040 interiores
1165 2990 1347 3053 simp
1361 2989 1421 3040 li
1430 3016 1465 3030 «-

378 3057 531 3111 cius
589 3064 645 3108 et
707 3055 1094 3125 antiquius
1149 3067 1461 3123 permuta..

378 3127 531 3191 tione
592 3125 870 3202 rqercium
934 3134 1195 3180 utuntur.
1282 3124 1456 3193 Quod

376 3197 558 3248 autem
616 3193 847 3246 alterum
908 3193 1218 3246 membrum
1279 3193 1456 3265 priori

377 3260 635 3316 dissimile
667 3261 865 3321 evadit,
888 3260 1090 3312 =exi1nie
1104 3261 1297 3314 Tacito
1322 3281 1456 3315 con·

374 3331 557 3393 venit,
606 3348 770 3400 quem
811 3329 1101 3383 variandae
1152 3337 1462 3394 structurae

373 3398 681 3454 studiosum
705 3416 819 3450 esse
854 3397 1149 3450 sexcenties
1186 3415 1453 3452 monuere

374 3468 718 3537 interpretes.
786 3465 880 3526 Sic
911 3465 1040 3517 infr.
1078 3466 1129 3529 4,
1160 3464 1248 3521 46.
1284 3484 1457 3518 mon-

374 3537 517 3588 tium
554 3535 717 3587 editis
761 3534 959 3586 inculti
988 3543 1159 3602 atque
1196 3553 1262 3587 eo
1282 3535 1456 3603 sero-

374 3607 493 3658 cius
539 3604 861 3674 aoitabgmt.
968 3601 1360 3656 Gradationem
1424 3618 1455 3655 a

374 3671 503 3727 loco
544 3642 777 3723 alienam
817 3690 931 3728 esse
973 3672 1299 3730 censebant,
1335 3670 1455 3741 qui·

373 3740 479 3795 bus
528 3738 775 3811 placebat
820 3740 1033 3805 gravis.
1128 3738 1354 3791 Scilicet
1393 3740 1452 3791 in

373 3828 528 3862 suam
561 3827 679 3861 rem
718 3807 1085 3878 disputabant.
1130 3807 1289 3859 ‘Nam
1329 3826 1452 3879 per-

306 3923 307 3928 ,
374 3878 503 3929 dere
543 3875 819 3947 privignos
860 3887 913 3927 et
947 3875 1176 3956 grassari
1212 3894 1452 3935 venen0,

370 3944 555 4008 ferro,
622 3944 764 3996 haud
837 3945 998 3997 dubie
1076 3940 1293 4013 g'ravius
1327 3955 1451 4004 sest,

411 4032 538 4065 uam
563 4011 767 4066 civitati
807 4011 1116 4084 principem
1154 4011 1451 4065 obtrudere

372 4031 548 4135 alium
608 4091 659 4133 et
710 4081 1029 4151 impotentia
1093 4090 1338 4133 materna
1390 4080 1454 4133 in

370 4149 548 4202 filiurn
574 4148 884 4221 principem
910 4148 1010 4201 uti.

440 4219 587 4270 nihil
617 4223 852 4270 deorum
879 4255 895 4271 .
925 4254 939 4269 .
966 4252 980 4269 .
1010 4218 1197 4266 vellet.
1267 4213 1452 4286 Vulgo

369 4285 519 4341 hunc
544 4285 732 4339 locum
754 4285 826 4338 ita
854 4282 1154 4355 accipiunt,
1186 4291 1247 4335 ut
1272 4300 1452 4337 sermo

372 4372 489 4415 ,esse
523 4354 775 4413 videatur
815 4354 884 4407 de
922 4350 1140 4425 templis
1176 4362 1231 4405 et
1267 4354 1454 4408 statuis

1666 1647 1669 1650 ⁴
2216 1638 2226 1671 ι

1557 1688 1808 1759 Augusto
1874 1687 2061 1762 positis
2095 1678 2100 1683 ⁴
2119 1705 2238 1811 lper
2305 1688 2635 1761 provincias.

1559 1757 1853 1812 Suet.Oct.
1891 1778 1938 1811 c.
1966 1758 2050 1813 52.
2143 1760 2343 1822 ,ἰο’51,
2377 1761 2464 1813 20.
2507 1759 2633 1810 Per·
2689 1804 2694 1807 ,

1557 1844 1763 1897 peram.
1833 1827 1972 1879 Nam
2008 1829 2053 1879 si
2092 1827 2198 1880 hoc
2233 1828 2499 1884 voluisset
2534 1826 2634 1879 Ta·

1558 1894 1727 1957 citus,
1761 1894 2061 1965 scripsisset
2084 1897 2350 1959 voluerit,
2379 1912 2495 1948 non
2524 1897 2633 1946 vel·

1556 1965 1654 2015 let.
1724 1961 1897 2016 lm‘mo
1941 1964 2293 2033 cogitandum
2331 1974 2410 2017 est
2445 1964 2537 2017 hic
2568 1963 2633 2015 de

1555 2029 1764 2100 templo
1803 2041 1856 2083 et
1892 2032 2218 2084 coelestibus
2257 2031 2632 2101 religionibus,

1556 2117 1694 2170 quae
1736 2100 2172 2153 decernebantur
2204 2102 2450 2168 Augusto
2489 2120 2631 2153 mor·

1554 2176 1670 2220 tue.
1727 2168 1803 2220 cf.
1834 2188 1880 2221 c.
1912 2171 1995 2222 11.
2065 2168 2178 2222 Dio
2214 2170 2297 2230 56,
2322 2169 2410 2221 46.
2483 2169 2634 2221 Suet..

1556 2235 1686 2288 Oct.
1711 2255 1759 2288 c.
1789 2239 1907 2291 100.
1978 2236 2171 2289 Solent
2197 2236 2346 2289 enim
2371 2236 2468 2300 sic,
2495 2255 2628 2307 quae

1550 2320 1650 2376 per
1683 2304 2052 2356 adulationem
2088 2315 2419 2378 peccantur,
2461 2306 2627 2375 impu·

1552 2371 1655 2425 tari
1696 2372 1869 2426 idolo.
1942 2372 2143 2440 Quoad
2186 2371 2345 2432 vixit,
2391 2374 2452 2426 in
2494 2374 2626 2425 urbe

1551 2434 1852 2509 Augustus
1885 2439 2308 2512 pertinacissime
2371 2441 2628 2495 abstinuit

1553 2509 1744 2563 divino
1771 2509 2000 2563 honore.
2065 2508 2300 2562 cf.Suet.
2319 2509 2451 2565 Oct.
2480 2511 2625 2563 052.

1549 2578 1664 2631 lam
1718 2598 1852 2633 vero
1901 2579 1967 2631 de
2018 2577 2208 2633 divino
2257 2578 2475 2631 honore
2531 2598 2623 2649 per

1549 2647 1744 2700 urbem
1808 2649 2052 2717 Augusto
2123 2648 2248 2700 dato
2309 2660 2622 2700 sermonem

1550 2734 1665 2768 esse
1700 2715 1861 2768 facile
1899 2714 2159 2785 intelligis
2198 2734 2226 2765 e
2266 2717 2485 2770 verbis:
2520 2732 2621 2783 per

1531 2783 1823 2853 flamines„
1858 2793 1913 2834 et
1958 2787 2290 2837 sacerdotes.
2391 2785 2614 2837 Minime

1548 2852 1714 2932 igitur
1750 2851 1840 2904 hic
1858 2851 2020 2903 locus
2047 2851 2179 2903 dicit
2214 2861 2411 2904 contra
2438 2854 2620 2904 Sueto·

1545 2938 1704 2973 mum
1746 2928 1837 2973 aut
1861 2919 2133 2982 Dionem,
2171 2920 2324 2990 quod
2364 2923 2621 2991 putabant

1545 2987 1863 3111 girissdocti.
1947 2987 2021 3042 cf.
2052 2988 2292 3042 Reimar.
2344 2989 2414 3043 ad
2452 2988 2619 3042 Dion.

1583 3061 1629 3120 1,
1688 3060 1741 3109 Ο.

1610 3127 1793 3193 effigie
1816 3125 2147 3189 numinum«
2206 3124 2263 3179 h.
2300 3144 2346 3179 e.
2383 3124 2620 3196 imagine

1541 3192 1611 3246 ad
1638 3193 1866 3246 modum
1893 3195 2182 3248 numinum
2214 3193 2413 3246 efficta.

1611 3265 1865 3313 caritate.
1963 3263 2055 3316 Sic
2103 3262 2188 3315 ed.
2241 3261 2500 3314 Beroald.
2570 3270 2621 3312 et

1539 3329 1873 3381 recentiores
1912 3349 2136 3395 omnes3
2183 3331 2462 3383 charitate
2498 3329 2620 3382 edd.

1536 3396 1784 3451 Rhenan.
1810 3397 1940 3451 Ald.
2611 3428 2616 3432 ·

1608 3470 1711 3517 sed
1767 3468 2032 3545 quoniam
2072 3505 2091 3520 .
2115 3503 2129 3519 .
2158 3504 2173 3519 .
2203 3503 2219 3519 .
2255 3467 2616 3534 quaesivisse.

1541 3531 1692 3586 Suet.
1720 3533 1844 3586 T1b.
1873 3552 1922 3587 c.
1946 3536 2033 3586 21.
2103 3534 2214 3586 Dio
2245 3536 2330 3596 56,
2353 3535 2441 3587 45.

1609 3606 1679 3653 de
1702 3601 1897 3655 habitu
1922 3605 2198 3671 cultuque.
2267 3604 2519 3656 Habitus
2543 3601 2619 3657 est

1535 3670 1732 3724 modus
1756 3670 1991 3723 habendi
2026 3671 2204 3740 ipsum
2241 3684 2443 3741 corpus
2463 3673 2619 3725 *eius-

1531 3741 1644 3809 ''que
1682 3748 1888 3810 partes,
1947 3757 2111 3809 quem
2146 3738 2390 3790 habitum
2430 3740 2489 3792 in
2531 3741 2619 3792 Ti·

1535 3806 1691 3860 herio
1719 3807 1867 3859 Suet.
1898 3826 1945 3859 c.
1971 3807 2056 3859 68.
2086 3806 2343 3858 describit
2372 3807 2480 3861 sic:
2517 3810 2619 3861 In·

1538 3878 1766 3926 cedebat
1802 3876 2011 3926 cervic‘e
2045 3874 2227 3941 rigida
2266 3885 2323 3925 et
2368 3878 2622 3944 obstipa:

1535 3947 1781 3995 adducto
1788 3943 1921 4011 sere
1947 3947 2133 4002 vultu,
2168 3946 2506 4012 plerumque
2534 3956 2622 3997 ta·

1538 4015 1677 4064 citus
1695 4029 1712 4062 .·
1768 4015 1926 4062 nullo
1969 4021 2069 4062 aut
2106 4012 2402 4063 rarissimo
2441 4014 2621 4064 etiam

1537 4087 1666 4133 cum
1683 4080 1967 4145 proximis
1988 4096 2268 4137 sermone,
2306 4096 2479 4146 eoque
2499 4091 2618 4133 tar·

1536 4150 1792 4210 (lissima,
1847 4165 1948 4198 nec
1993 4149 2110 4199 sine
2158 4146 2320 4199 molli
2361 4154 2622 4216 quadam

1537 4218 1845 4281 digitorum
1897 4215 2340 4285 gesticulatione.
2457 4219 2622 4287 Quae

1538 4286 1734 4336 omnia
1768 4287 1996 4349 ingrata
2031 4293 2203 4351 atque
2231 4285 2622 4349 adrogantiae

1531 4357 1704 4422 plenu
1727 4360 1782 4405 ce
1803 4352 2529 4426 animaduertitAugustus
2559 4356 2623 4406 in
