2794 5085
388 351 542 427 ιω
768 362 771 367 ·
1100 387 1107 397 ‚
1190 308 1894 424 ANNALHJM‘
2131 430 2142 437 ,
2241 338 2527 441 22:⁷35:

384 528 595 581 aures
658 502 1035 577 conferret.
1150 523 1387 596 neque
1456 501 1809 594 fulgorem
1876 497 2236 577 bonorum
2302 529 2641 600 unquam

382 624 780 705 precatum:
833 605 1163 677 excubias
1190 605 1593 677 ae‘lahores
1633 620 1717 678 ut
1753 628 1982 676 unum
2021 628 2064 677 e
2101 606 2468 680 militibus
2499 631 2642 701 pro

385 710 876 784 incolumitate
924 708 1375 800 imperatoris
1417 707 1657 780 malle.
1774 701 2112 780 Attamen
2128 761 2152 795 ,
2209 710 2410 803 quod
2466 710 2642 802 pul-

276 848 281 853 ·
385 812 891 888 cher-timum
835 866 858 898 ‚
929 810 1268 928 adeptum
1319 814 1405 881 ut
1445 810 1950 881 coniunctione
1986 807 2311 882 Caesaris
2368 811 2640 902 dignus

383 918 816 990 crederetur.
916 907 1092 983 hinc
1136 910 1429 982 initium
1480 910 1650 1003 spei.
1751 924 1824 982 et
1878 913 2224 1006 quoniam
2274 914 2642 987 audiverit

381 1015 843 1109 Augustum·
819 1039 901 1085 ιιι
923 1012 1337 1084 collocanda
1359 1011 1510 1083 filia
1535 1009 1877 1083 nonnihil
1908 1015 2120 1085 etiam
2133 1017 2242 1085 ”de
2270 1016 2644 1110 equitibus

383 1119 739 1196 Romanis
765 1115 1303 1188 consultavisse:
1354 1114 1457 1199 ita
1472 1168 1496 1201 ,
1538 1115 1604 1184 si
1632 1117 1932 1187 maritus
1962 1112 2212 1187 Liviae
2250 1124 2640 1211 quaerere-

385 1239 543 1309 ιιιι,
588 1216 885 1292 haberet
918 1219 999 1288 in
1037 1218 1281 1288 animo
1310 1217 1620 1288 amicum
1646 1219 1796 1287 sola
1822 1219 2370 1291 necessitudinis
2407 1220 2640 1310 gloria

384 1322 710 1399 usurum.
810 1343 962 1394 non
1004 1320 1199 1390 enim
1234 1341 1491 1391 exuere
1522 1319 1855 1438 imposita
1880 1319 2162 1393 munia:
2215 1322 2389 1394 satis
2421 1323 2640 1392 aesti-

384 1440 584 1506 mare
608 1423 882 1496 firmari
908 1424 1207 1493 domum
1230 1422 1655 1493 adversmn
1634 1421 1918 1517 iniquas
1933 1415 2378 1515 Agrippinae
2405 1422 2640 1493 offen-

389 1531 654 1627 siones
642 1582 665 1614 ‚
724 1526 945 1621 idque
986 1525 1382 1595 liberorum
1422 1547 1655 1599 causa.
1768 1547 1939 1594 nam
1980 1525 2123 1595 sibi
2159 1526 2481 1595 multum
2522 1549 2640 1598 su-

384 1655 658 1727 perque
681 1630 871 1700 vitae
888 1628 1086 1711 fore,
1136 1629 1333 1723 quod
1361 1626 1494 1698 tali
1519 1649 1684 1697 cum
1712 1625 2038 1721 principe
2065 1627 2516 1719 explevisset.

406 1872 409 1873 ⁷
568 1780 755 1857 XL.
826 1774 948 1852 Ad
973 1804 1057 1851 ea
1086 1776 1435 1851 Tiberius
1453 1779 1750 1850 laudata
1768 1779 2029 1898 pietate
2060 1777 2308 1852 Seiani
2350 1779 2639 1874 suisque

389 1890 472 1958 in
530 1909 696 1958 eum
744 1883 1108 1955 beneficiis
1151 1882 1433 1952 modice
1470 1882 1866 1973 percursis,
1935 1906 2097 1953 cum
2154 1895 2436 1976 tempus
2482 1896 2642 1952 tan-

393 2012 675 2088 quam
653 1988 746 2059 ad
770 1985 1139 2077 'integram
1183 1983 1777 2056 consultationem
1818 1982 2214 2075 petivisset,
2275 1984 2638 2055 adiunxit.

393 2089 665 2165 Ceteris
704 2087 1196 2161 mortalibus
1173 2112 1252 2156 ιιι
1296 2111 1380 2157 eo
1427 2098 1612 2155 stare
1656 2085 1990 2171 consilia,
2055 2087 2234 2181 quid
2282 2086 2429 2156 sibi
2469 2111 2641 2154 con-

391 2197 655 2266 ducere
693 2204 978 2287 putent:
1029 2189 1442 2286 principum
1479 2180 1831 2257 diversam
1860 2210 2007 2258 esse
2029 2201 2327 2273 sortem,
2379 2188 2642 2282 quibus

390 2296 774 2392 praecipua
799 2316 1045 2365 rerum
1072 2294 1164 2361 ad
1190 2291 1455 2361 famam
1481 2289 1879 2379 dirigenda.
1981 2289 2143 2359 ideo
2175 2313 2248 2359 se
2273 2313 2431 2359 non
2469 2290 2641 2361 illuc

396 2401 807 2481 decurrere,
855 2395 1052 2488 quod
1091 2407 1508 2486 promptum
1547 2391 1932 2483 rescriptu‚
1994 2414 2202 2484 posse
2242 2392 2475 2485 ipsam
2516 2390 2641 2463 Li·-

395 2502 589 2571 viam
621 2510 962 2583 statuere,
1010 2494 1435 2566 nubendum
1461 2507 1629 2586 post
1652 2487 1971 2565 Drusum
2000 2518 2094 2564 an
2136 2494 2219 2565 in
2260 2493 2639 2613 penatibus

394 2603 653 2673 iisdem
706 2598 1162 2670 tolerandum
1211 2590 1544 2680 haberet,
1611 2618 1759 2667 esse
1800 2596 1914 2666 illi
1950 2610 2252 2666 matrem
2295 2609 2366 2666 et
2395 2597 2639 2664 aviam

394 2700 738 2798 propiora
792 2698 1117 2771 con'silia.
1218 2696 1613 2790 simplicius
1665 2710 2022 2782 acturum,
2102 2699 2195 2768 de
2244 2697 2639 2767 inimicitiis

394 2805 713 2900 primum
749 2800 1227 2893 Agrippinae,
1278 2823 1457 2893 quas
1495 2801 1708 2890 longe
1746 2798 1978 2870 acrius
2021 2822 2302 2869 arsuras
2317 2853 2341 2885 ,
2390 2800 2453 2868 si
2492 2823 2641 2869 ma-

397 2905 824 2981 trimonium
846 2901 1100 2975 Liviae
1126 2900 1380 2973 velut
1356 2926 1439 2971 ιιι
1476 2915 1711 2994 partes
1740 2903 2038 2973 domum
2067 2898 2458 2973 Caesarum
2499 2901 2672 2970 dis-1

395 3010 742 3084 traxisset.
864 3007 965 3076 sic
1006 3028 1292 3100 quoque
1335 3027 1706 3097 erumpere
1754 2993 2304 3074 aemulationem
2344 3002 2639 3073 femina-

396 3138 564 3185 rum
600 3132 824 3206 eaque
868 3106 1224 3178 discordia
1267 3120 1561 3199 nepotes
1603 3118 1770 3177 suos
1806 3104 2146 3175 convelli.
2199 3104 2379 3197 quid
2425 3107 2513 3180 si
2534 3106 2640 3176 in-

311 3223 318 3242 ‘
399 3216 740 3288 tendatur
765 3225 1124 3283 certamen
1152 3208 1281 3279 tali
1308 3208 1694 3297 coniugio?
1752 3205 2102 3293 „Falleris
2129 3207 2345 3292 enim,
2370 3205 2638 3291 Seiane,

398 3316 518 3404 „si
548 3331 618 3386 te
639 3335 1064 3386 mansurum
1091 3310 1172 3379 in
1201 3310 1454 3380 eodem
1482 3309 1739 3379 ordine
1776 3323 1984 3401 putas
2015 3322 2083 3380 et
2105 3307 2426 3392 Liviam,
2473 3333 2638 3402 quae

401 3414 537 3505 '„C.
552 3413 893 3501 Caesari,
921 3437 1090 3484 mox
1108 3407 1351 3498 Druso
1382 3425 1608 3503 nupta
1634 3410 1887 3494 fuerit,
1936 3432 2017 3480 ea
2043 3424 2282 3479 mente
2305 3417 2639 3495 acturam,

384 3532 542 3606 „ut
577 3542 743 3589 cum
783 3516 1019 3613 equite
1048 3511 1388 3589 Romano
1415 3526 1752 3586 senescat.
1851 3507 2032 3603 Ego·
2050 3526 2136 3583 ut
2178 3512 2412 3583 sinam
2428 3568 2451 3599 ‚
2502 3536 2638 3584 cre-

473 3799 817 3850 crederetur.
904 3794 1028 3848 Hoc
1064 3793 1295 3856 verbum
1337 3790 1484 3847 refer
1634 3790 1765 3858 Aug
1766 3798 2003 3844 ustum.
2051 3794 2510 3847 .oonsu1tav1⁰sse.
2573 3794 2637 3848 cf.

388 3868 472 3923 *ad
508 3865 795 3920 hominum
829 3861 898 3916 de
922 3862 1117 3918 Seiano
1145 3860 1483 3944 opinionem.
1572 3860 1728 3915 Suet.
1690 3808 1887 3913 “8002
1931 3877 1982 3914 ο.
2007 3827 2093 3911 68.

404 3935 871 3995 coniunctionem
949 3929 1175 4004 quidem
1242 3928 1486 3985 Caesaris
1638 3927 2244 3995 CAP.40.1‘ntegr-am
2284 3931 2635 3983 consultatio-

404 4004 655 4059 nondum
680 4003 909 4084 adeptus
944 4008 1086 4062 erat,
1119 4006 1344 4053 mortuo
1368 3998 1526 4052 filio
1569 4014 1722 4050 nem.
1783 3993 1839 4049 8Ξ
1829 4015 1877 4051 ·c
1900 3995 2190 4063 integrum
2215 3997 2484 4051 iudicium
2507 3998 2554 4058 8,
2566 4000 2612 4052 8.

409 4070 625 4126 Claudii
650 4082 777 4126 ante
802 4069 1003 4124 initum
1025 4087 1155 4123 cum
1168 4066 1351 4121 Seiani
1377 4067 1488 4121 filia
1640 4067 1706 4118 in
1733 4084 1801 4119 eo
1825 4063 2363 4120 stare.11.e.non
2397 4068 2637 4123 excedere
2667 4109 2674 4124 ι

388 4140 843 4208 matrimonium.
924 4140 1184 4192 Attamen
1221 4153 1283 4188 ea
1320 4136 1492 4217 gloria
1573 4134 1660 4198 id,
1688 4137 1807 4191 sich
1832 4137 2016 4187 damu
2070 4135 2481 4189 beschratnken.

386 4209 519 4265 iam
558 4209 850 4277 gaudebat,
894 4217 957 4262 ut
981 4205 1076 4260 tali
1102 4204 1494 4259 coniunctione
1648 4204 1904 4257 convent.
2028 4203 2079 4256 ic
2114 4203 2166 4266 6,
2199 4203 2288 4257 48.
2333 4205 2635 4263 Tiberius..

385 4276 614 4346 dignus
641 4278 808 4348 vulgo
831 4276 1165 4331 crederetur.
1218 4270 1355 4329 Vid.
1376 4282 1495 4329 not.
1576 4272 1640 4324 υί
1682 4270 2094 4325 dominataonis
2141 4277 2449 4330 convulsae
2495 4276 2638 4344 (wr-

421 4343 490 4397 ad
514 4361 565 4399 c.
591 4344 645 4398 2.
672 4344 740 4400 de
760 4346 933 4403 verbo
959 4347 1242 4399 eredere.
1579 4341 1818 4409 dor-ben)
1849 4349 1908 4395 ee
1938 4349 2211 4396 mutatus.
2312 4407 2326 4414 ⁸
