2794 5085
418 316 726 375 xxxvm
1152 296 1885 374 PRAEFATIO.

416 451 653 546 posuit
681 444 1101 542 plerumque
1130 446 1210 517 in
1235 447 1586 539 margine:
1636 448 1997 519 breviores
2028 451 2430 537 varietates,
2471 465 2540 522 et
2567 455 2618 521 si

415 579 558 649 qua
621 551 767 635 'una
827 551 1137 622 alterave
1192 550 1430 621 littera
1493 553 1835 622 mutanda
1850 606 1872 637 ‚
1948 552 2027 619 in
2090 552 2241 644 ipso
2300 569 2618 626 contextu

410 652 851 747 significavit.
968 650 1172 742 Quae
1219 653 1514 724 deerant
1561 654 1641 722 in
1688 655 1847 727 cod.
1886 652 2115 738 Flor.,
2181 670 2425 726 notata
2465 668 2619 727 sunt

410 757 697 827 lineolis
727 757 842 824 vel
872 755 1154 847 punctis
1193 756 1594 847 suppositis.
1692 755 2183 848 Reperiuntur
2214 759 2429 828 etiam
2469 759 2618 826 ani-

409 858 937 929 madversiones
966 883 1052 927 ex
1085 858 1373 947 ingenio
1410 856 1714 926 Victorii
1745 859 2133 951 profectae,
2196 886 2372 954 quas
2413 861 2534 929 ille
2577 886 2616 930 a

410 962 788 1033 collatione
830 960 1003 1030 libri
1046 958 1452 1029 Florentini
1494 960 1818 1031 distinxit
1866 963 2265 1053 praeposito
2314 966 2368 1032 ε’
2410 958 2516 1058 (h.
2561 989 2614 1032 e.

406 1062 739 1159 corrige).
836 1061 1205 1155 Plerisque
1248 1063 1327 1131 in
1369 1062 1545 1131 locis
1573 1061 1976 1133 Victoriuin
2007 1089 2170 1134 cum
2197 1060 2510 1157 Pichena
2549 1080 2614 1136 et

400 1166 666 1238 Iacobo
700 1164 1073 1236 Gronovio
1118 1166 1207 1232 de
1240 1163 1587 1257 scriptura
1616 1163 2034 1235 Florentina
2069 1168 2613 1265 consentientem

328 1268 333 1271 ’
405 1269 685 1340 inveni:
751 1281 922 1339 sunt
964 1290 1137 1336 vero
1181 1261 1376 1337 haud
1427 1291 1688 1359 pauca,
1755 1293 1937 1360 quae
1979 1270 2072 1337 ab
2119 1268 2265 1337 illis
2305 1260 2610 1359 neglecta

403 1387 526 1443 aut
563 1372 844 1441 diversa
888 1367 1231 1461 prodidit.
1334 1366 1541 1461 Quae
1586 1371 1826 1463 qualia
1873 1385 1946 1440 etw
1987 1386 2252 1464 quanta
2298 1373 2475 1457 sint,
2539 1372 2607 1441 in

401 1474 862 1571 adnotatione
904 1495 1064 1540 mea
1105 1471 1462 1560 leguntur.
1564 1470 1803 1560 Quam
1848 1471 2042 1540 enim
2085 1473 2638 1563 diligentissime*

401 1578 557 1647 fieri
602 1575 838 1668 potuit
855 1628 879 1659 ‚
941 1571 1248 1643 Victorii
1274 1588 1483 1643 notas
1512 1573 1820 1666 expressi
1853 1598 1946 1642 ne
1973 1575 2296 1645 minimis
2326 1570 2616 1669 quidem

398 1678 701 1750 omissis.
815 1674 1005 1747 Sunt
1037 1674 1348 1768 denique
1382 1676 1566 1760 loci,
1629 1676 1711 1744 in
1746 1677 2007 1769 quibus
2034 1677 2160 1747 ille
2197 1678 2607 1771 scripturam

394 1779 903 1851 Beroaldinam
933 1776 1273 1847 intactam
1302 1778 1595 1870 'reliquit
1613 1834 1635 1863 ‚
1698 1802 2107 1872 quanquam
2136 1776 2460 1850 Pichena
2493 1794 2606 1852 aut

396 1883 533 1954 Iac.
563 1880 980 1953 Gronovius
1016 1880 1098 1949 in
1131 1879 1370 1950 codice
1397 1878 1595 1953 Flor.
1637 1881 1778 1950 alia
1823 1903 1897 1950 se
1944 1881 2206 1952 vidisse
2248 1880 2605 1955 testantur.

393 1985 781 2076 Quaeritur
795 2039 816 2069 ‚
854 1981 1001 2053 .cui
1048 2007 1297 2052 eorum
1347 1983 1509 2074 plus
1557 1982 1727 2053 fidei
1770 1983 1864 2052 sit
1907 1978 2344 2058 habendum.
2454 1982 2600 2077 Ego

389 2084 573 2159 mihi
606 2086 952 2158 iudicium
982 2086 1070 2154 de
1102 2080 1235 2153 hac
1263 2109 1342 2154 re
1375 2110 1526 2155 non
1564 2086 1943 2175 adrogabo.
2046 2084 2131 2155 Id
2176 2101 2457 2157 tantum
2487 2113 2614 2157 ve-.-

388 2193 520 2260 lim
568 2189 969 2260 consideres
984 2242 1005 2272 ,
1067 2187 1480 2258 difficultate
1515 2188 1799 2278 legendi
1825 2188 2097 2258 litteras
2118 2189 2599 2280 Langobardi-

389 2318 505 2364 cas
534 2304 604 2362 et
632 2290 1053 2382 compendia
1093 2289 1207 2356 illi
1249 2289 1481 2358 codici
1520 2291 1809 2382 propria
1853 2291 2021 2362 satis
2064 2293 2383 2362 excusari
2422 2318 2598 2363 non-

388 2396 674 2495 nullum
698 2393 1023 2463 virorum
1055 2392 1146 2460 de
1177 2391 1330 2460 eius
1356 2392 1706 2484 scriptura
1739 2393 2157 2466 dissensum.
2261 2393 2363 2466 Ut
2389 2409 2469 2466 ut
2496 2395 2596 2479 sit,

356 2512 359 2519 '
388 2474 908 2588 diligentiorem
942 2506 1139 2586 ¹certe
1170 2490 1472 2563 Victorii
1512 2494 1966 2565 collationem
2006 2497 2248 2567 multa¹
2279 2511 2596 2589 arguunt·

386 2599 628 2689 Quare
686 2591 882 2667 haud
944 2596 1192 2684 exigua
1249 2610 1426 2687 puto
1482 2597 1744 2666 auxilia
1758 2652 1780 2684 ‚
1861 2624 2042 2692 quae
2100 2599 2246 2668 iam
2291 2626 2335 2670 a
2384 2625 2595 2670 manu

382 2701 685 2772 Victorii
712 2702 805 2769 ad
831 2697 1339 2768 stabiliendum
1356 2692 1755 2770 Annalium
1782 2696 2407 2796 Historiarumque
2431 2728 2594 2774 con-

379 2820 648 2876 textum
673 2802 1093 2874 offeruntur.
2017 2817 2020 2824 s
2119 2819 2122 2820 ’
2429 2859 2436 2870 ,

402 2947 407 2950 -
504 2919 507 2924 ’
558 2903 910 2976 ‘Ceterum
956 2901 1363 2975 meminisse
1405 2916 1479 2972 te
1519 2901 1778 2987 velim,
1828 2891 2152 2972 Victoria
2181 2929 2330 2975 esse
2364 2906 2591 2999 inspe—

381 3023 576 3083 ctum
623 3031 853 3078 unum
905 3005 1115 3076 illum
1165 3004 1481 3112 codicem
1525 3004 1781 3075 litteris
1821 3003 2379 3095 Langobardicis
2426 3009 2589 3097 scri-

512 3202 719 3265 editos,
754 3185 967 3277 saepius
992 3212 1174 3277 posim
1196 3203 1468 3275 repetitos.
1535 3201 1885 3273 Diligentiam
1914 3201 2028 3255 eius
2051 3212 2254 3258 veteres
2277 3205 2443 3259 libros
2464 3179 2608 3258 ¹scri·

398 3303 403 3308 ·
513 3282 638 3344 ptos
668 3273 989 3326 conferendi
1022 3285 1075 3327 et
1108 3274 1237 3326 inde
1271 3281 1473 3325 textum
1511 3273 1783 3342 vulgatum
1823 3289 1988 3341 quem
2029 3283 2222 3325 vocant
2258 3272 2586 3343 emendandi,

508 3358 686 3397 raram
715 3340 1033 3412 religionem
1056 3351 1111 3395 et
1132 3341 1293 3394 fidem
1323 3339 1424 3393 hac
1448 3359 1510 3392 re
1533 3340 1944 3412 comprobatam
1979 3359 2091 3391 uno
2123 3342 2275 3412 quasi
2318 3361 2414 3395 ore
2448 3360 2586 3394 sum·

512 3410 618 3463 mis
643 3408 893 3462 laudibus
922 3413 1185 3464 ornarunt
1214 3408 1346 3470 viri,
1383 3428 1522 3478 quos
1546 3409 1604 3462 in
1641 3418 1754 3462 arte
1780 3407 1964 3461 critica
1990 3408 2279 3465 factitanda
2304 3411 2420 3466 sere
2444 3410 2582 3482 prin-

511 3476 681 3600 cipesh
692 3476 954 3599 ἰααίεῐὲἑιῗ
971 3519 985 3540 ,
1027 3480 1070 3532 Ι.
1093 3477 1344 3601 IS⁴.‹:'in,lige'r
1372 3478 1451 3599 {in
1479 3475 2214 3600 Scadligselratnizfrigribuggp.
2234 3480 2387 3601 1ιῐὲ7ὂ
2417 3489 2583 3602 ppste-

510 3563 644 3672 ῗίῗιῗ
664 3565 748 3666 3¹1¹:
813 3550 1050 3671 ‘rachina
1086 3615 1200 3670 Cic.
1209 3564 1448 3685 {giaf
1451 3553 1624 3671 ⁸lbaan.
1665 3565 1809 3685 Αειιὲ.
1849 3564 2126 3669 ἔῖηὲεὲυε
2164 3553 2364 3689 {liiq'ue
2375 3588 2403 3678 ,⁸
2451 3567 2583 3688 {Iliacis

312 3741 320 3747 .
508 3697 825 3754 enumera're
848 3699 1073 3771 longum
1098 3708 1197 3754 est.
1267 3696 1430 3752 Diem
1455 3689 1589 3754 obiit
1612 3719 1924 3773 supremum
1948 3719 1994 3756 a.
2019 3703 2073 3754 d.
2092 3690 2186 3754 ῨῙ.
2205 3700 2282 3755 ld.
2298 3700 2582 3756 Decembr-

394 3861 395 3864 ,
503 3768 894 3841 m.
950 3804 1121 3839 annos
1170 3792 1330 3842 natus
1374 3787 1652 3858 octoginta
1701 3807 1807 3841 sex.
1889 3786 2160 3843 Uberior-a
2202 3787 2248 3841 si
2293 3789 2412 3859 quis
2455 3785 2582 3843 velit
2695 3843 2698 3844 γ

505 3873 576 3910 co
654 3851 869 3918 oscere,
906 3854 1090 3909 adeat=
2348 3905 2364 3924 ,

571 3874 726 3990 ἕξω.
755 3924 1073 3980 Benivieniz
1116 3924 1255 3975 Vita
1291 3924 1357 3975 di
1377 3922 1545 3978 Piero
1578 3925 1829 3987 Vo‘ttori,
1875 3911 2137 3991 l‘antiob,
2195 3925 2582 3983 Gentilhuomo

573 3993 925 4047 Florentino.
961 3991 1226 4046 Fiorenza
1254 3991 1405 4045 1585.
1473 3992 1575 4045 ΕΙο
1614 3993 1727 4047 ium
1757 3992 1821 4045 P.
1843 3993 1915 4048 V.
1939 3994 2026 4047 in:
2059 3994 2197 4050 Eius
2220 4002 2276 4045 et
2297 3994 2578 4050 Ioum&-

576 4062 709 4114 solii
730 4062 977 4128 epistolis
1014 4061 1083 4127 (F
1081 4061 1207 4115 rcfti
1233 4061 1416 4127 1697.)
1446 4080 1500 4131 p.
1530 4064 1557 4114 1
1637 4091 1706 4118 ,·-
1728 4061 1845 4116 142.
1913 4065 1977 4117 L.
2010 4059 2266 4118 Salviati=
2310 4064 2576 4128 oratione

572 4133 719 4183 delle
747 4130 895 4182 Loda'
925 4134 990 4182 di
1021 4129 1184 4185 Piero
1222 4131 1453 4184 Venor-1·
1481 4125 1540 4183 iti
1554 4149 1572 4183 z
1619 4131 1891 4185 Raocozea
1927 4133 1990 4184 da·
2022 4131 2203 4183 Prose
2233 4131 2575 4185 Florentiae.

575 4196 705 4254 Vol.
728 4199 837 4252 111:
857 4218 910 4270 p.
938 4199 1224 4255 81—142.
1290 4199 1363 4261 A.
1390 4198 1472 4255 M.
1497 4199 1760 4261 Bandinix
1807 4203 1877 4255 de
1914 4202 2031 4254 vita
2064 4210 2121 4253 ec
2158 4201 2387 4267 scriptis
2420 4200 2482 4256 P.
2505 4199 2572 4253 7·

569 4267 812 4340 norem.
838 4268 1015 4337 1⁷59.)
1995 4319 1998 4324 .
