2794 5085
385 379 581 435 xxw
1135 351 1852 432 PRAEFATIO.

387 510 481 583 ab
522 509 680 581 aliis
725 506 928 579 libris
959 505 1295 579 omnibus
1330 503 1420 573 sit
1454 502 1811 588 diversus,
1879 527 1971 571 an
2026 495 2270 573 eadem
2313 532 2396 577 ex
2438 502 2611 579 ”aliis

385 617 724 686 adnotare
754 607 1192 701 neglexerint
1220 606 1362 676 viri
1393 607 1621 691 docti,
1669 629 1822 675 non
1853 606 2077 700 liquet
2108 602 2306 681 mihi.
2343 609 2615 683 *Multo

385 714 824 789 emendatior
879 712 1197 782 eiusdem
1253 709 1520 779 codicis
1579 721 1945 779 contextus
1993 720 2119 779 est'
2143 708 2220 785 in
2270 711 2457 783 libro
2521 717 2615 784 de

388 817 778 891 Germania
810 829 880 886 et
909 815 989 883 in
1018 812 1298 902 dialogo
1332 813 1423 881 de
1451 812 1888 897 oratoribus,
1955 826 2026 882 et
2069 836 2111 881 a
2149 813 2391 905 priore
2436 817 2612 886 scri-

385 935 597 1014 ptura
642 919 741 990 ita
787 917 1109 988 diversus
1125 970 1145 1001 ‚
1210 927 1292 984 ut
1331 913 1472 983 alia
1511 912 1818 1006 'prorsus‘
1837 912 2056 983 editio
2087 938 2232 984 esse
2263 917 2615 990 videatur.

384 1021 897 1115 Complectitur
950 1013 1350 1090 Annalium
1410 1016 1635 1121 libros
1700 1016 1871 1085 inde
1938 1017 2029 1086 ab
2090 1019 2469 1090 undecimo
2545 1036 2617 1093 et

386 1124 868 1197 Historiarum
912 1121 1039 1217 qui
1083 1131 1495 1212 supersunt,
1568 1118 1720 1187 sine
1762 1119 1914 1189 ullo
1956 1119 2309 1189 librorum
2355 1121 2615 1192 inscri-

385 1229 636 1322 ptione
682 1240 809 1297 aut
861 1248 1187 1295 numero,
1319 1219 1494 1291 Post
1536 1217 1892 1291 Historias
1936 1223 2256 1317 sequitur
2295 1223 2483 1294 liber
2524 1228 2615 1295 de
2663 1276 2676 1281 -

389 1328 776 1401 Germania
819 1322 956 1397 hac
1002 1322 1502 1416 inscriptione:
1569 1314 1906 1393 Cornelii
1943 1318 2202 1393 Taciti
2245 1321 2612 1397 illustrisss

386 1429 564 1504 simi
609 1424 951 1501 historici
998 1423 1083 1497 de
1136 1423 1286 1496 situ
1333 1421 1661 1495 moribus
1712 1434 1775 1494 et
1824 1423 2125 1522 populis
2158 1420 2614 1499 Germaniae

387 1531 690 1607 libellus
733 1554 1025 1603 aureus.
1124 1528 1403 1600 Ultimo
1443 1529 1601 1598 loco
1646 1542 1865 1599 exstat
1898 1529 2222 1620 dialog-us
2250 1532 2342 1600 de
2372 1547 2614 1604 orato-

386 1641 619 1723 ribuS,
670 1636 796 1731 qui
840 1631 1290 1705 inscribitur:
1362 1622 1712 1701 Cornelii
1730 1628 1944 1701 taciti
1976 1630 2238 1730 equitis
2270 1626 2620 1704 Romani

389 1736 742 1833 dialogus
782 1732 869 1808 de
906 1729 1326 1806 oratoribus
1361 1729 1611 1802 claris.
1711 1731 1946 1803 Huius
1995 1736 2329 1805 editionis
2372 1763 2613 1808 exem-

386 1847 591 1937 plum
609 1898 629 1930 ‚
674 1866 818 1940 quo
846 1846 979 1933 'ego
1006 1839 1293 1922 utebar,
1346 1850 1451 1907 est
1481 1861 1521 1905 e
1547 1831 1979 1908 bibliotheca
2006 1838 2244 1908 ducali
2272 1836 2610 1911 Guelfer-

387 1949 677 2042 bytana.
2413 1974 2416 1975 ⁷

592 2047 655 2142 ξ.
668 2045 807 2118 21.
832 2089 836 2094 -
859 2036 1129 2113 Editio
1144 2035 1234 2111 F
1224 2037 1545 2111 rancisci
1556 2033 1976 2118 Puteolani.
2073 2041 2272 2114 Haec
2296 2043 2608 2136 primum

310 2222 317 2227 ,
383 2150 653 2246 prodiit
664 2146 1085 2230 Mediolani,
1119 2147 1349 2216 forma
1375 2145 1711 2228 maxima,
1748 2145 1930 2216 circa
1962 2169 2077 2219 an.
2104 2171 2177 2238 p.
2191 2142 2361 2233 Chr.
2385 2141 2624 2218 1475„

387 2244 778 2326 secundum
801 2246 1049 2322 Ebert.
1079 2250 1128 2318 l.
1163 2250 1211 2316 l.
1314 2245 1559 2335 Quare
1589 2271 1743 2316 eam
1775 2247 2077 2318 dicimus
2114 2244 2220 2317 ed.
2250 2241 2621 2323 PueMe-.

387 2351 571 2426 diol.
681 2352 819 2422 Vir
865 2352 1113 2421 doctus
1153 2350 1233 2418 in
1276 2344 1657 2440 Ephemer.
1706 2349 1810 2421 lit.
1859 2348 2008 2420 len.
2055 2349 2278 2425 1830.
2341 2376 2450 2420 nr.
2488 2349 2605 2420 18.

387 2474 455 2553 p.
505 2452 679 2528 144.
721 2456 814 2524 de
834 2477 1045 2524 anno
1099 2447 1318 2521 huius
1371 2451 1707 2524 editionis
1750 2452 2103 2546 discrepat
2146 2455 2610 2549 adfirmatque

388 2585 547 2632 eam
576 2572 737 2652 post
768 2551 1269 2650 Panegyricos
1325 2563 1582 2624 veteres
1626 2556 1913 2625 demum
1961 2580 2001 2625 a
2030 2553 2425 2627 Puteolano
2458 2558 2612 2626 edi—

386 2680 498 2736 tos
525 2660 894 2755 prodiisse.
996 2657 1154 2749 I‘pse
1198 2657 1384 2755 liber
1417 2682 1648 2751 neque
1679 2658 1853 2727 anni
1884 2682 2115 2754 neque
2148 2660 2289 2729 loci
2321 2684 2452 2729 nec
2482 2660 2610 2728 de-

386 2767 606 2860 nique
653 2755 1080 2858 typographi
1123 2773 1367 2830 notam
1416 2756 1655 2829 hahet.
1771 2758 2172 2831 Mediolani
2226 2787 2383 2833 eam
2439 2787 2612 2853 pro-

386 2870 601 2939 diisse
634 2865 755 2936 vix
791 2863 1112 2948 dubites,
1166 2887 1389 2955 quum
1427 2876 1662 2932 cetera
1679 2860 2056 2933 Puteolani
2085 2889 2298 2957 opera
2329 2864 2435 2937 ibi
2467 2864 2611 2934 sint

387 2993 662 3041 excusa.
760 2965 1077 3038 Praefixa
1094 2969 1209 3033 'est
1239 2951 1569 3035 salutatio
1606 2965 1705 3035 ita
1746 2964 2116 3058 inscripta:
2183 3019 2203 3049 ‚
2242 2961 2608 3037 Francis-

387 3125 434 3158 „
454 3096 581 3142 cus
609 3064 1069 3141 Puteolanus
1099 3062 1375 3137 Iacobo
1410 3059 1861 3164 Antiquario
1900 3062 2158 3137 ducali
2184 3064 2612 3140 Secretario.

387 3169 666 3258 „Sal”
761 3170 1041 3243 Deinde
1084 3170 1441 3262 incipiunt
1481 3170 1651 3244 libri
1681 3164 2077 3241 Annalium
2123 3172 2291 3241 inde
2339 3174 2429 3243 ab
2470 3195 2611 3240 un-

326 3363 331 3370 ·
387 3278 665 3349 decimo
697 3288 765 3344 et
780 3272 1259 3361 Historiarum
1279 3328 1300 3359 ‚
1352 3272 1481 3365 qui
1507 3272 1793 3365 utrique
1824 3296 1969 3343 una
2000 3274 2179 3343 serie
2211 3276 2301 3345 ab
2328 3273 2456 3346 XI.
2489 3298 2612 3344 us-

390 3392 531 3474 qu'e
591 3379 679 3446 ad
724 3373 926 3447 XXI.
973 3376 1328 3464 numerati
1376 3374 1899 3446 inscribuntur:
1981 3368 2318 3448 Cornelii
2354 3373 2617 3447 Taciti

388 3476 737 3552 Actorum
796 3472 1300 3546 Diurnalium
1359 3471 1745 3544 Historiae
1802 3471 2184 3571 Augustae
2256 3476 2441 3549 liber
2486 3472 2626 3547 XI

386 3600 521 3657 etc.
620 3581 1064 3674 Sequuntur:
1132 3570 1471 3674 Cornelii
1503 3572 1760 3650 Taciti
1803 3575 2306 3651 illustrissimi
2337 3580 2435 3652 H
2437 3579 2619 3651 isto—

391 3684 532 3759 rici
556 3676 642 3753 de
673 3680 824 3753 situ
855 3679 1183 3751 moribus
1214 3688 1278 3749 et
1306 3676 1609 3779 populis
1640 3674 2088 3751 Germaniae
2121 3681 2419 3754 libellus
2466 3708 2624 3752 au·-

394 3779 607 3874 ἓως,
645 3824 747 3841 --·
847 3776 1184 3855 Cornelii
1220 3777 1479 3852 Taciti
1517 3783 1831 3880 aequitis
1872 3778 2216 3856 Romani
2259 3783 2614 3879 dialogus

390 3917 499 3963 an
529 3884 659 3959 sui
696 3882 979 3957 saeculi
1023 3893 1351 3956 oratores
1393 3884 1940 3983 antiquioribus
1986 3896 2051 3956 et
2095 3913 2321 3986 quare
2368 3911 2612 3964 conce-

392 3990 607 4076 dant.
654 4029 758 4044 —-
850 3983 1052 4057 Iulii
1095 3982 1686 4081 Agricolaevita
1729 4013 1869 4088 ¹per
1911 3983 2337 4063 Cornelium
2380 3986 2616 4066 Taci-

389 4105 551 4167 tum
582 4090 736 4190 eius
759 4112 1106 4185 generum
1138 4085 1554 4164 castissime,
1576 4090 1993 4188 composita.
2202 4181 2214 4187 -
2325 4131 2330 4132 ff

605 4194 1079 4265 Puteolanum
1109 4194 1199 4263 in
1214 4189 1511 4264 ‘edendis
1539 4191 1773 4266 Taciti
1809 4196 2013 4266 libris
2053 4220 2264 4268 usum
2307 4219 2455 4266 esse
2491 4222 2616 4267 coa

394 4301 680 4379 dicibus
710 4294 998 4370 Msstis
1041 4297 1358 4390 dubitari
1395 4296 1665 4390 nequit.
1766 4295 1953 4372 Nam
1992 4323 2032 4371 e
2053 4301 2264 4374 xlibro
2293 4298 2624 4393 Spirensi·
2696 4341 2710 4358 «-
