2794 5085
2236 371 2299 414 Α.
2315 371 2381 414 n.
2398 370 2501 414 πε.

2229 422 2303 485 ,¹¹-
2322 421 2378 467 C.
2426 425 2501 467 22.

368 378 523 453 aaa
579 438 590 466 ,
1174 365 1786 442 ANNALmM

365 517 1029 619 memorabaturque
1051 520 1137 596 L.
1166 519 1446 593 Metelli
1470 522 1824 616 pontificis
1851 550 2007 596 max
2015 526 2143 597 imi
2183 532 2613 624 exemplum,
2713 500 2722 505 ”

367 635 497 731 qni
536 627 810 703 Aulum
852 625 1303 697 Postumium
1347 626 1715 696 flaminem
1765 628 2183 704 attinuisset.
2299 629 2410 704 Ita
2455 658 2618 704 sors

366 734 582 810 Asiae
632 733 745 902 iql
764 754 963 902 etum?
1015 728 1141 823 qui
1185 729 1670 851 consularium
1693 727 2186 821 *Maluginensi
2235 735 2611 826 proximus

370 851 555 925 erat,
605 858 686 906 co
748 858 787 901 a
819 856 881 903 a.

569 961 871 1040 LXXII.
972 960 1239 1034 Iisdem
1277 962 1535 1033 diebus
1562 961 1879 1055 Lepidus
1917 966 2019 1037 ab.
2048 981 2295 1038 senatu
2333 952 2612 1060 petivit,

362 1088 447 1145 ut
480 1069 846 1143 basilicam
869 1062 1148 1161 Paulli²
1197 1058 1509 1135 Aemilia
1536 1067 2011 1153 monimenta,
2059 1069 2365 1162 propria·
2392 1097 2612 1162 pecu-

364 1175 491 1246 nia
537 1172 848 1243 firmaret
905 1180 1355 1260 ornaretque.
1459 1178 1610 1239 erat
1657 1168 1874 1237 etiam
1913 1183 2066 1240 tum
2108 1170 2188 1240 in
2228 1196 2432 1265 more
2469 1172 2612 1265 pu-

364 1268 565 1371 blica,
584 1268 1104 1343 munificentia:
1151 1292 1284 1338 nec
1311 1263 1675 1359 Augustus
1701 1272 2019 1341 arcuerat
2032 1269 2393 1358 Taurum,
2430 1270 2612 1343 Phi-

366 1381 680 1473 lippum,
741 1370 1087 1459 Balbum,
1151 1366 1445 1441 hostiles
1485 1371 1771 1440 exuvias
1813 1386 1936 1442 aut
1970 1375 2397 1444 exundantis
2439 1400 2611 1468 opes

364 1493 699 1555 ornatum
756 1476 848 1545 ad
889 1474 1091 1544 urbis
1136 1487 1205 1544 et
1247 1486 1609 1567 posterum
1655 1473 1955 1564 gloriam
2000 1476 2344 1549 conferre.
2466 1503 2607 1571 quo
2659 1474 2666 1475 ἦ

359 1598 518 1664 tum
553 1577 874 1670 exemplo
901 1573 1216 1666 Lepidus
1255 1586 1665 1669 quanquam
1707 1577 2045 1668 pecuniae
2086 1578 2414 1648 modicus
2459 1580 2610 1648 avi-

361 1703 520 1759 tum
550 1683 762 1753 decus
789 1676 1112 1750 recoluit.
1216 1670 1317 1746 At
1338 1674 1668 1768 Pompeii
1699 1672 2055 1747 theatrum
2098 1677 2262 1769 igne
2306 1682 2607 1750 fortuito

361 1776 713 1859 haustum
749 1776 1009 1850 Caesar
1064 1770 1588 1859 exstructurum
1640 1779 2002 1870 pollicitus
2056 1794 2197 1866 est,
2277 1806 2360 1851 eo
2413 1783 2611 1876 quod

338 1879 574 1959 ¹nemo
634 1909 672 1953 e
718 1880 992 1951 familia
1042 1881 1505 1949 restaurando
1545 1879 1927 1967 sufficeret,
1987 1896 2322 1953 manente
2367 1898 2610 1953 tamen

359 1989 654 2060 nomine
679 1981 1026 2076 Po'mpeii.
1131 1981 1345 2050 simul
1372 1981 1708 2051 laudibus
1736 1980 2083 2052 Seianum
2107 1986 2362 2054 extulit
2378 2040 2399 2070 ‚
2449 2000 2610 2055 tan-

362 2114 581 2187 quam
642 2088 890 2157 labore
950 2083 1461 2176 vigilantiaque
1513 2081 1664 2151 eius
1717 2076 1922 2152 tanta*
1961 2085 2071 2153 vis
2128 2109 2362 2155 unum
2420 2089 2609 2156 intra

360 2182 711 2264 damnum
747 2187 1065 2264 stetisset.
1166 2179 1266 2255 Et
1307 2208 1644 2253 censuere
1686 2197 1923 2275 patres
1970 2186 2276 2276 effigiem
2320 2174 2608 2274 Seiano,
2657 2250 2668 2255 „

299 2335 302 2338 ·
361 2302 547 2391 quae
593 2290 784 2384 apud
826 2282 1186 2357 theatrum
1222 2283 1551 2376 Pompeii
1597 2286 1971 2361 locaretur.
2090 2310 2324 2383 neque
2377 2292 2607 2360 multo

240 2458 249 2465 ,
362 2409 526 2490 post
551 2391 843 2474 Caesar,
894 2413 1059 2459 cum
1093 2384 1383 2456 Iunium
1409 2380 1745 2455 Blaesum
1781 2389 2279 2479 proconsulem
2321 2384 2608 2461 Africae

361 2490 714 2592 triumphi
760 2487 1159 2580 insignibus
1213 2488 1599 2575 attolleret,
1664 2489 1833 2560 dare
1880 2490 1957 2560 id
2003 2514 2077 2563 se
2119 2490 2324 2561 dixin
2344 2487 2608 2564 honori

360 2596 643 2683 Seiani,
694 2595 897 2665 cuius
930 2585 1054 2660 ille
1084 2590 1483 2660 avunculus
1518 2604 1688 2662 erat.
1766 2644 1776 2651 .
2249 2623 2250 2626 ¹

564 2721 909 2802 LXXIIL
1011 2718 1120 2795 Ac
1146 2737 1387 2793 tamen
1438 2745 1552 2792 res
1593 2719 1833 2794 Blaesi
1873 2723 2134 2814 dignae
2180 2725 2441 2796 decore
2485 2729 2607 2799 tali

359 2838 579 2906 fileto.
697 2852 868 2899 nam
926 2823 1340 2896 Tacfarinas
1357 2878 1378 2910 ,
1457 2848 1870 2917 quanquam
1925 2827 2201 2919 saepius
2249 2828 2608 2920 depulsus,

360 2927 703 3029 reparatis
733 2953 863 3025 per
890 2928 1145 2998 intima
1169 2921 1454 2999 Africae
1493 2927 1777 2997 auxiliis
1815 2922 1958 2997 huc
1998 2930 2458 3019 adrogantiae
2489 2956 2608 3001 ve-

1524 3184 1675 3256 qnod
1699 3183 1901 3257 aliquid
1927 3185 2104 3246 faciat,
2174 3185 2381 3242 Eadem
2410 3191 2604 3245 utrius·

1526 3274 1635 3336 que
1679 3255 1825 3308 verbi
1861 3255 2136 3332 confusio-
2151 3266 2231 3309 est
2265 3258 2406 3311 msc.
2444 3259 2497 3318 3,
2524 3259 2602 3313 56.

1524 3322 1737 3446 231⁶:ch
1769 3321 1914 3394 Splr.
1955 3323 2047 3384 dat
2084 3343 2326 3394 arguere
2362 3347 2470 3398 pro
2508 3348 2605 3382 ar-

428 3194 566 3251 CAP.
585 3191 677 3248 72.
744 3183 908 3244 mom*
995 3195 1119 3240 ma.
1185 3182 1292 3240 Sic
1313 3185 1442 3241 cod.

314 3327 323 3330 ,
358 3262 486 3319 MS.
515 3262 599 3318 ed.
627 3257 880 3315 Beroald.
917 3267 972 3310 et
1001 3264 1228 3309 recenti.
1259 3253 1385 3307 inde
1411 3273 1441 3309 a

360 3331 469 3389 Iac.
511 3329 820 3392 Gronovio.
866 3358 938 3372 --
1007 3324 1146 3376 Edd.
1189 3322 1439 3375 Rhenan.

358 3401 488 3457 ΑΜ.
515 3420 580 3472 sq
621 3438 634 3452 .
669 3402 1066 3450 monumenta.
1125 3390 1197 3445 cf.
1226 3400 1342 3444 not.
1373 3390 1444 3443 ad

359 3487 410 3526 e.
435 3468 524 3522 23.
582 3418 750 3520 qdem
785 3464 891 3517 Iac.
921 3459 1240 3516 Gronovius
1276 3457 1441 3530 paulo

359 3548 487 3593 ante
545 3554 575 3590 e
624 3533 751 3587 MS.
807 3530 1038 3583 restituit
1097 3530 1173 3580 ab
1220 3535 1443 3589 senatu,

359 3626 531 3681 quum
553 3603 766 3675 priores
792 3599 1015 3652 ederent
1044 3615 1083 3647 a
1109 3603 1335 3649 senatu.

427 3679 712 3729 arcuerat.
753 3669 832 3721 Ex
856 3663 1238 3718 emendatione
1255 3661 1443 3732 Lipsii,

1576 3494 1983 3558 ‘proconsulem
2020 3458 2265 3562 Africae.
2338 3495 2442 3550 Ed.
2477 3498 2601 3552 Ber.

1522 3577 1783 3628 procons,
1851 3559 1991 3614 Edd.
2024 3560 2268 3616 Rhenan.
2310 3584 2435 3636 sqq.
2467 3586 2599 3632 pro-

1527 3632 1828 3682 consulem.
2113 3667 2118 3670 -

1599 3728 1734 3788 CAR.
1770 3728 1856 3782 73.
1937 3748 2004 3782 ac
2047 3739 2256 3784 tamen.
2317 3731 2438 3787 ,Sic
2485 3734 2601 3786 edd.

399 3751 527 3798 uam
552 3756 810 3811 recepere
841 3733 1166 3789 recentiores
1186 3732 1442 3785 editores.

408 3813 496 3867 dd.
524 3806 782 3865 Beroald.
811 3802 1058 3856 Rhenan.
1082 3819 1199 3883 sqq.
1231 3817 1444 3865 argue-

356 3881 493 3941 rat,
566 3876 681 3931 uod
707 3874 793 3927 Ru
837 3872 936 3925 erti
963 3873 1207 3942 repeuit,
1241 3866 1449 3938 Wop-

359 3951 513 4005 kens.
577 3943 782 4002 efendit
829 3939 944 3994 ocis
970 3939 1023 3998 4,
1040 3940 1105 3992 12
1130 3949 1181 3992 et
1205 3937 1288 3990 37.
1322 3935 1372 3999 5,
1389 3938 1440 3989 8.

358 4017 548 4074 Livius
583 4016 668 4077 38,
695 4013 780 4065 28.
834 4011 919 4072 40,
955 4007 1040 4067 12.
1117 4005 1275 4077 Sulp.
1315 4004 1437 4058 Sev.

357 4083 483 4142 412.
554 4085 624 4138 Et
659 4095 896 4149 arguere
929 4094 1058 4131 sane
1099 4075 1303 4130 dicitur
1333 4092 1439 4143 pro

362 4174 646 4214 accusare,
689 4146 972 4205 criminari
1009 4144 1242 4216 aliquid,
1278 4143 1443 4211 ἐλέγ-

353 4239 516 4296 χειν,
577 4226 777 4286 rit'gen.
873 4214 979 4268 Sed
1024 4229 1290 4283 nusquam
1339 4209 1444 4280 legi

362 4307 621 4361 arguere.
632 4289 884 4356 aliquem
911 4283 1123 4352 aliquid
1132 4282 1354 4350 facere,
1379 4288 1445 4331 ut

363 4362 434 4417 sit
454 4360 757 4431 vituperare
776 4352 865 4408 vel
885 4351 1163 4410 criminari
1187 4347 1445 4422 aliquem,

1527 3797 1776 3850 Beroald.
1818 3794 2059 3853 Rhenan.
2114 3819 2235 3869 sqq.
2327 3799 2606 3855 Bekkevus

1524 3865 2022 3988 ”upffissssdiffcz‘ss
2035 3876 2266 3990 {5725st
2304 3871 2600 4000 303ιῦἕῖ

1525 3945 1743 4057 {itum
1771 4003 1820 4063 5,
1853 3973 1963 4055 16.’
2001 3975 2129 4058 vni.
2158 3975 2484 4062 Rafiushom.
2509 3976 2600 4059 GrI

1498 4076 1559 4139 '§
1595 4071 1709 4123 179.
1749 4071 1801 4124 7.
1852 4089 1904 4142 p.
1944 4071 2062 4126 523.
2152 4073 2206 4127 Si
2247 4084 2444 4127 auctor
2483 4086 2601 4128 ante

1527 4140 1742 4193 dixisset
1759 4140 2016 4216 priumphi
2043 4140 2278 4194 honores
2297 4140 2492 4195 Blaeso
2518 4164 2598 4196 ne·
2703 4141 2713 4166 ⁸

1529 4218 1709 4278 gatos,
1780 4216 1924 4261 tum*
1958 4209 2306 4263 scribendum
2360 4222 2498 4265 esset
2542 4220 2599 4264 at

1529 4287 1748 4418 gaggan
1825 4276 1895 4332 cf.
1925 4273 2250 4331 Ramshorn.
2286 4276 2406 4384 (ἂι.
2432 4280 2467 4348 S
2495 4281 2598 4334 181.
