2794 5085
413 346 564 421 356
1105 336 1112 353 ’
1207 342 1854 435 ANrNALlUM‘
1930 436 1937 439 ὴ
2144 332 2295 435 2:¹32
2323 337 2550 436 7ἓῇΊέ

231 514 242 538 ’
317 534 324 539 ·
417 520 489 577 et
522 504 792 573 mahim
842 501 1073 569 otium
1116 499 1493 572 resolutus:
1609 496 1953 569 Manebat
1993 499 2258 595 quippe
2307 499 2649 591 suspicio-

415 630 593 677 num
634 618 704 673 et
741 602 1076 672 credendi
1108 602 1469 672 temeritas
1485 654 1506 685 ‚
1560 625 1785 694 ,quam
1807 598 2117 672 Seianus
2141 625 2401 691 augete
2441 601 2652 671 etiam

417 713 495 778 in
524 710 702 778 urbe
728 719 969 776 suetus
990 704 1221 773 acrius
1246 705 1580 773 turbabat
1605 728 1757 772 non
1784 703 1926 772 iam
1953 704 2245 774 occultis
2272 706 2652 775 adversum

419 809 886 902 Agrippinam
936 820 1006 875 et
1056 804 1418 877 Neronem
1469 806 1770 877 insidiis.
1892 806 2055 898 quis
2105 792 2394 876 additus
2449 805 2651 873 miles

373 982 376 989 ,
412 907 705 983 nuntio's
723 965 743 993 ‚
796 908 1132 977 introitus
1150 962 1169 992 ‚
1219 922 1456 1000 aperta
1474 958 1495 991 ,
1546 921 1807 982 secreta
1844 909 2040 983 velut
2079 909 2160 975 in
2199 908 2649 979 annales-cre·-

411 1015 701 1097 ferebat‚
728 1011 1061 1103 ultroque
1091 1011 1565 1093 struebantur,
1607 1010 1734 1101 qui
1757 1008 2133 1080 monerent
2158 1011 2539 1101 perfugere
2563 1010 2648 1078 ad

411 1114 840 1187 Germaniae
898 1112 1240 1181 exercitus
1292 1113 1408 1179 vel
1459 1112 1920 1180 celeberrimo
1968 1110 2110 1180 fori
2156 1113 2465 1201 effigiem
2507 1111 2649 1179 divi

411 1214 713 1307 Augusti
751 1214 1079 1306 amplecti
1108 1214 1595 1305 populumque
1625 1237 1704 1281 ac
1730 1228 2052 1301 senatum
2080 1215 2346 1285 auxilio
2376 1237 2651 1285 vocare.

405 1344 629 1414 eaque
661 1332 891 1409 spreta
921 1317 1011 1385 ab
1036 1316 1182 1383 illis
1201 1369 1222 1400 ‚
1269 1310 1469 1384 velut
1496 1329 1863 1406 pararent,
1913 1314 2462 1387 obiiciebantur.

606 1468 944 1542 LXVIII.
995 1467 1204 1538 Iunio
1239 1468 1487 1539 Silano
1538 1483 1605 1539 et
1638 1468 1818 1539 Silio
1862 1467 2096 1559 Nerva
2139 1464 2311 1540 coss,
2336 1465 2645 1537 'foedum

403 1575 576 1643 anni
598 1573 1032 1665 principium
1058 1572 1341 1639 incessit
1367 1585 1591 1640 tracto
1620 1570 1699 1638 in
1723 1571 2386 1640 carcerem-inlustri
2414 1571 2646 1663 equite

401 1673 733 1747 Romano
779 1673 976 1744 Titio
1022 1672 1291 1744 Sabino
1339 1674 1435 1742 ob
1485 1673 1870 1742 amicitiam
1915 1671 2348 1764 Germanici.
2417 1696 2646 1765 neque

402 1779 593 1846 enim
619 1776 951 1845 omiserat
974 1776 1348 1863 coniugem
1376 1775 1784 1869 liberosque
1817 1776 1966 1843 eius
1997 1775 2400 1867 percolere,
2428 1788 2643 1843 secta-

400 1894 515 1950 tor
555 1879 791 1963 domi,
850 1901 1082 1946 comes
1123 1870 1202 1944 in
1238 1877 1527 1968 publico
1557 1890 1717 1967 post
1744 1891 1851 1946 tot
1882 1877 2172 1946 clientes
2198 1900 2392 1946 unus
2422 1900 2642 1968 eoque

399 1982 590 2074 apud
635 1982 867 2048 bonos
909 1979 1235 2047 laudatus
1286 1992 1354 2047 et
1402 1979 1638 2067 gravis
1691 1978 1980 2072 iniquis.
2012 2034 2033 2039 .,
2081 1973 2276 2046 hunc
2316 1976 2641 2049 Latinius

229 2096 250 2123 ²
319 2124 326 2129 ,
395 2082 733 2167 Latiaris,
780 2079 1076 2149 Porcius
1103 2077 1315 2164 Cato,
1363 2078 1665 2148 Petitius
1687 2077 1964 2166 Rufus,
2013 2075 2414 2171 MOpsius
2440 2104 2641 2172 prae-

398 2198 557 2254 tura
587 2183 817 2253 functi
852 2181 1367 2271 adgrediuntur
1408 2181 1741 2273 cupidine
1787 2183 2230 2265 consulatu8‚
2279 2183 2389 2271 ‚ad
2432 2206 2641 2275 quem

397 2311 549 2357 non
579 2285 722 2354 nisi
752 2308 883 2377 per
913 2284 1254 2354 Seianum
1282 2283 1548 2353 aditus:
1602 2306 1833 2379 neque
1865 2282 2109 2353 Seiani
2138 2284 2479 2377 voluntas
2504 2284 2637 2352 nisi

396 2390 652 2457 scelere
689 2386 1179 2480 quaerebatura
1281 2382 1776 2477 Compositum
1801 2386 1988 2455 inter
2011 2385 2239 2477 ipsos,
2288 2399 2372 2471 ut
2396 2385 2636 2456 Latia-

394 2491 529 2575 riS‚
580 2489 708 2582 qui
749 2489 1029 2558 modico
1071 2510 1207 2557 usu
1230 2485 1582 2559 Sabinum
1623 2488 2111 2578 contingebat,
2162 2500 2468 2559 strueret
2510 2489 2634 2557 do-

394 2595 580 2676 lum,
628 2591 858 2659 ceteri·
877 2603 1084 2659 testes
1114 2590 1472 2658 adessent:
1526 2591 1785 2673 deinde
1815 2591 2335 2660 accusationem
2363 2591 2631 2683 incipe-

371 2704 573 2765 rent.
678 2692 896 2781 igitur
925 2689 1229 2760 Latiaris
1267 2691 1496 2759 iacere
1532 2692 1864 2762 fortuitos
1895 2693 2209 2784 primum
2241 2716 2629 2761 sermones:

390 2819 557 2864 mox
596 2792 887 2862 laudare
929 2793 1435 2876 constantiam,
1509 2795 1705 2887 quod
1744 2818 1896 2864 non
1936 2808 2019 2865 ut
2054 2789 2277 2866 ceteri
2313 2795 2630 2865 florentis

392 2879 654 2966 domus
699 2896 966 2964 amicus
1017 2894 1374 2963 adflictam
1432 2896 1881 2966 deseruisset:
1960 2897 2172 2965 simul
2221 2892 2505 2966 honora
2549 2899 2629 2965 de

391 2997 820 3069 Germanico
866 2991 1338 3088 Agrippinam
1361 2996 1730 3068 *miserans
1773 2998 2179 3071 disserebat.
2295 2995 2396 3098 Et
2438 3012 2625 3089 post·-
2732 3027 2756 3099 ἰ

385 3126 604 3195 quam
624 3099 978 3184 ⁴Sabinu5‚
1035 3111 1117 3168 ut
1157 3112 1324 3168 sunt
1360 3100 1614 3168 molles
1660 3098 1740 3166 in
1779 3099 2173 3180 calamitate
2215 3102 2624 3170 mortalium

455 3365 729 3417 manebat
767 3362 968 3431 quippe
1005 3371 1108 3416 etc.
1194 3361 1343 3415 Haec
1385 3381 1470 3415 re·
1617 3371 1812 3428 spreta
1835 3363 1907 3412 ab
1930 3333 2057 3416 aiis.
2122 3361 2505 3417 Ernestius·ab
2530 3364 2617 3417 de-

386 3432 620 3507 spiciunt
644 3432 710 3485 ad
735 3434 956 3482 malum
986 3434 1185 3483 otium.
1445 3441 1469 3472 Γ
1551 3431 1775 3484 lendum
1826 3442 2026 3485 censet.
2122 3430 2231 3484 Sed
2270 3431 2506 3502 quaero,
2556 3452 2621 3487 an

454 3501 816 3558 celeberrimo
826 3498 976 3566 fori.
1019 3498 1298 3564 Ernestius
1322 3499 1464 3552 bene
1514 3521 1520 3526 ·
1587 3510 1839 3571 ropterea
1900 3499 2055 3558 locus
2129 3499 2329 3552 melior
2405 3502 2619 3555 evadat?

269 3573 275 3586 ’
378 3572 796 3641 interpretatur:
825 3585 983 3638 „quo
1001 3578 1251 3639 tempore
1275 3568 1473 3620 forum¹
1634 3588 1724 3621 mo
1775 3567 1919 3620 ambi
1997 3569 2174 3622 itatem
2223 3568 2618 3624 intolerabilem

383 3639 759 3712 plenissimum
802 3634 806 3646 '
833 3636 1215 3690 hominibus.”
1315 3636 1467 3689 Nam
1545 3636 1835 3690 contrahit.
1905 3586 2051 3689 ’ἔξω
2075 3637 2220 3689 enim
2249 3639 2360 3691 illis
2387 3640 2621 3709 pendere

369 3707 570 3779 fortun
595 3725 709 3759 non
739 3705 921 3760 solum
961 3704 1029 3758 de
1065 3705 1188 3758 loco
1226 3704 1334 3757 sori
1375 3717 1494 3758 vam*
1546 3713 1726 3774 potest
1778 3724 1807 3758 e
1848 3707 2027 3776 verbo
2061 3707 2501 3796 obiiciebantuti,
2562 3715 2619 3759 ut

382 3780 483 3841 let,
534 3775 627 3830 sed
665 3774 825 3828 etiam
869 3774 935 3825 de
971 3771 1473 3826 multitudinem-‚-
1545 3773 1808 3827 sententia
1853 3774 1948 3827 sit:
2010 3775 2287 3828 obiectum
2336 3795 2454 3830 esse
2492 3775 2617 3835 juin,

383 3848 596 3899 minum
637 3845 695 3896 in
736 3843 862 3895 foro
896 3842 1188 3910 agentium.
1235 3843 1309 3895 cf.
1340 3843 1469 3893 Vir-2
1549 3842 1701 3911 quod
1729 3862 1789 3894 ea
1818 3843 2133 3913 spreverint.

259 3963 272 3974 „
383 3916 473 3985 gil.
499 3913 705 3983 Georg.
730 3911 918 3973 2502.
951 3914 1218 3964 insanum
1230 3911 1459 3980 sorum.
1612 3908 1751 3963 CAP.
1779 3911 1864 3964 68.
1903 3910 2127 3964 Silano.
2196 3910 2333 3966 Edd.
2359 3911 2615 3969 Ber.Alc.

383 3982 609 4037 Aeneid.
674 3982 726 4042 2,
784 3980 906 4032 758.
974 3980 1180 4048 forum
1248 3981 1458 4032 ιἠἀίσιί.
1540 3976 1787 4040 Rhenan.
1824 3980 1952 4033 Ald.
1988 3978 2229 4035 Salano.
2324 3982 2454 4037 vid.
2476 4021 2479 4024 -
2503 3993 2621 4037 not..

279 4087 284 4095 -
378 4048 773 4122 Wopkensius
811 4057 993 4101 tamen
1034 4047 1234 4100 mavult
1267 4067 1458 4101 vocem
1541 4046 1608 4098 ad
1634 4049 1688 4107 2,
1709 4049 1763 4101 4.

375 4120 606 4190 intelligi
647 4115 712 4170 de
752 4116 1101 4170 celeberrima
1134 4115 1240 4168 sori
1285 4127 1457 4188 parte.
1610 4119 1893 4173 voluntas.
1964 4115 2031 4169 H.
2046 4135 2093 4170 e.
2120 4117 2527 4183 benevolentia,
2558 4128 2612 4172 ut

381 4189 487 4241 Sed
515 4189 700 4249 locus,
737 4203 899 4256 quem
928 4183 1011 4236 illi
1050 4184 1327 4247 volebant,
1365 4204 1459 4237 sa-
1539 4184 1682 4255 apud
1699 4185 1924 4238 Sueton.
1942 4185 2043 4237 lul.
2074 4186 2223 4238 &22
2258 4191 2339 4239 ad
2359 4190 2606 4242 retinen-

377 4257 444 4316 tis,
481 4253 736 4309 definitur
779 4273 876 4325 per
910 4254 1150 4322 effigiem
1186 4256 1307 4306 divi
1328 4256 1457 4308 Au-
1539 4259 1679 4305 dam
1725 4253 1983 4319 Pompeii
2006 4253 2495 4310 necessitudinem
2548 4275 2609 4310 ac

377 4327 541 4389 gusn'.
768 4337 774 4342 ·
1540 4323 1910 4377 volumtatem.
