2794 5085
2208 317 2269 361 A.
2291 316 2355 362 15.
2373 316 2476 359 77⁵.

2210 370 2273 413 A.
2297 367 2355 412 C.
2403 369 2477 411 22.

268 336 271 343 ·
349 343 500 441 ess
585 415 594 426 ,
1168 318 1776 403 ANNALLUM

350 500 490 575 alio
540 497 760 566 latere
776 546 796 575 ,
885 513 978 559 ne
1041 480 1497 557 Cirtensium·
1539 483 1726 581 pagis
1766 482 2057 573 impune
2109 474 2586 565 traherentur,

331 600 711 699 ,propriam
760 616 1067 663 manum
1094 588 1387 657 Blaesus
1432 586 1619 653 filius
1662 584 1918 652 duxitz.
1970 583 2209 654 medio
2253 607 2415 650 cum
2459 582 2591 649 de-

349 705 557 776 lectis
593 695 870 771 castella
913 707 980 761 et
1014 692 1449 760 munitiones
1496 686 1773 755 idoneis
1809 683 1998 755 loc-is
2026 685 2403 774 imponens
2443 684 2591 751 dux

351 809 501 899 ip'se
528 796 677 871 arta
705 811 773 869 et
814 795 1088 863 infensa
1137 789 1463 861 hostibus
1517 802 1766 857 cuncta
1804 778 2100 870 fecerat,
2151 784 2354 877 quia,
2408 791 2595 876 quo-

353 933 495 1003 quo
541 900 1004 979 inclinarent,
1055 917 1217 984 pars
1264 893 1504 983 aliqua
1545 886 1793 958 militis
1823 886 2139 958 Romani
2181 887 2258 953 iu
2300 910 2462 969 ore,
2514 885 2596 952 in

354 1013 571 1081 latere
598 1017 666 1072 et
697 1000 898 1090 saepe
927 1022 967 1064 a
996 1011 1191 1083 tergo
1227 1006 1407 1061 erat:
1460 988 1810 1082 multique
1855 1013 1937 1057 eo
1985 989 2201 1057 modo
2248 987 2432 1055 caesi
2473 999 2599 1054 aut
2645 1051 2663 1069 Α

284 1100 287 1103 ’
357 1101 840 1187 circumventi.
945 1096 1155 1171 Tunc
1181 1095 1620 1186 tripartitum
1648 1090 2029 1160 exercitum
2058 1091 2299 1180 plures
2329 1090 2421 1161 in-
2441 1113 2601 1155 ma-

356 1235 494 1283 nus
524 1202 861 1297 dispergit
890 1198 1402 1291 praeponitque
1436 1193 1886 1263 centuriones
1919 1191 2204 1260 virtutis
2229 1203 2596 1281 expertae:

358 1339 522 1397 nec,
558 1322 640 1378 ut
670 1328 822 1373 mos
853 1304 1115 1383 fuerat,
1165 1313 1316 1367 acta
1346 1310 1603 1365 aestate
1632 1290 1931 1364 retrahit
1959 1292 2195 1384 copias
2224 1306 2348 1368 aut
2377 1293 2457 1358 in
2483 1286 2601 1358 hi-

358 1408 763 1486 bernaculis
797 1403 1054 1473 veteris
1085 1399 1491 1492 provinciae
1525 1396 1915 1486 componit:
1968 1396 2090 1462 sed
2124 1407 2206 1461 ut
2238 1394 2317 1460 in
2346 1393 2600 1461 limine

359 1517 533 1588 belli
561 1507 915 1600 dispositis
951 1503 1248 1573 castellis
1275 1525 1416 1593 perc
1446 1499 1803 1589 expeditos
1831 1510 1899 1564 et
1924 1496 2399 1566 solitudinum
2425 1491 2604 1583 gna-

360 1642 507 1691 ros-
533 1623 926 1697 mutantem
976 1603 1280 1695 mapalia
1318 1600 1843 1670 Tacfarinatem
1898 1598 2306 1689 proturbat:
2378 1597 2634 1664 donec¹

360 1725 577 1792 fratre
607 1714 757 1782 eius
787 1722 986 1798 capto
1014 1726 1368 1795 regressus
1395 1700 1498 1772 est
1516 1757 1536 1787 ‚
1588 1700 2086 1794 properantius
2113 1712 2351 1785 tamen
2386 1721 2604 1789 quam

365 1847 447 1892 ex
474 1809 1190 1890 utilitate-sociorum,
1236 1805 1500 1873 relictis
1529 1828 1656 1894 per
1684 1825 1863 1895 quos
1890 1813 2283 1888 resurgeret
2311 1799 2606 1884 bellum.

310 1918 319 1919 7
367 1923 508 1995 Sed
534 1914 870 1988 Tiberius
892 1936 1022 2002 pro
1054 1909 1367 1977 confecto
1401 1906 1897 1996 interpretatus
1925 1902 2319 1994 idtquoque
2347 1898 2603 1989 Blaeso
2685 1976 2691 1993 ι

369 2021 659 2103 tribuit,
709 2030 790 2085 ut
819 2015 1201 2104 imperator
1231 2034 1270 2081 a
1297 2007 1698 2096 legionibus
1726 2005 2149 2072 salutaretur
2175 2002 2412 2092 prisco
2445 2024 2608 2089 erga
2674 2040 2676 2046 2

369 2128 599 2196 duces.
621 2116 935 2199 honore,
987 2113 1113 2206 qui
1152 2112 1333 2180 bene
1377 2123 1565 2198 gesta
1607 2132 1684 2175 re
1723 2105 2010 2197 publica
2052 2103 2312 2193 gaudio
2362 2118 2433 2173 et
2472 2103 2610 2169 im-

338 2241 541 2320 xpetu
568 2219 858 2291 victoris
888 2214 1229 2283 exercitus
1273 2210 1935 2291 conclamabantur:
1992 2219 2332 2297 erantque
2367 2205 2609 2294 plures

373 2327 578 2405 simul
645 2325 1101 2411 imperatores
1163 2338 1292 2382 nec
1365 2336 1574 2403 super
1632 2316 2024 2378 ceterorum
2095 2306 2610 2399 aequalitatem.

374 2425 716 2500 concessit
746 2418 1173 2513 quibusdam
1207 2430 1275 2483 et
1302 2409 1665 2501 Augustus
1699 2412 1775 2480 id
1805 2410 2266 2493 vocabulum,
2321 2418 2404 2483 ac
2443 2421 2611 2476 tunc

374 2527 709 2603 Tiberius
736 2507 1477 2608 Blaesopostremum.
1625 2504 1630 2507 ’
2189 2498 2190 2501 ¹
2237 2551 2240 2562 ·
2385 2496 2392 2531 ³

580 2620 877 2718 LXXV.
930 2615 1210 2716 ,Obiere
1244 2642 1324 2685 eo
1360 2614 1722 2685 annoviri
1750 2613 2121 2699 inlustreS‚
2169 2606 2469 2682 Asinius
2487 2607 2614 2678 Sa·-

372 2719 668 2803 'loninus
694 2721 802 2797 M.
832 2718 1152 2814 Agrippa
1182 2733 1250 2788 et
1279 2717 1611 2790 Pollione
1637 2712 1890 2785 Asinio
1920 2711 2104 2799 aviS,
2136 2714 2363 2794 fratre
2378 2710 2612 2781 Druso

1544 2950 1674 2997 dem
1718 2945 1922 3006 Krz'ege
1957 2927 2052 2992 ‘im
2099 2931 2427 3006 Angesicht.
2518 2937 2614 2991 Ed.

380 2977 582 3017 arcere.
653 2941 803 3016 Nihil
825 2951 882 3005 in
908 2949 1009 3009 hac
1031 2967 1093 3001 re
1113 2946 1318 3000 mirum
1346 2965 1460 2998 esse

776 3041 777 3044 ¹
1544 3014 1669 3067 ΑΜ.
1700 3013 1900 3065 omittit
1926 3011 2006 3062 in.

298 3059 307 3060 ff
384 3031 562 3092 videO.

354 3144 357 3150 .
454 3100 838 3150 traherentur.
941 3085 1027 3143 Cf.
1077 3103 1222 3155 supr.
1248 3102 1320 3137 =c.
1368 3083 1457 3140 54.

383 3172 517 3220 haec
566 3180 705 3215 cura
760 3159 970 3226 οῃιίρεα
1011 3171 1137 3216 rem
1176 3154 1462 3219 publicam

368 3236 637 3308 funditus
676 3231 894 3298 trahat.

456 3302 640 3355 medio
674 3335 688 3350 .
719 3336 732 3350 .
758 3334 775 3350 .
813 3300 937 3346 dux
987 3295 1106 3358 ipse
1154 3289 1462 3361 «opponitur

388 3370 574 3442 legatis
608 3368 665 3419 in
700 3378 935 3432 utroque
978 3361 1158 3414 latere.
1231 3365 1378 3428 Arta
1409 3365 1464 3426 ᾳ

389 3440 609 3508 infensa
645 3444 825 3493 autem
863 3430 1103 3483 hostibus
1140 3436 1343 3479 cuncta
1361 3426 1463 3493 fe-

389 3516 574 3567 cerat,
608 3521 721 3555 non
751 3500 933 3553 solum
963 3494 1183 3549 castella
1213 3505 1266 3547 et
1287 3494 1466 3548 muni·

300 3599 303 3602 ’
390 3579 566 3630 tiones
596 3572 918 3640 imponenS,
955 3567 1048 3617 sed
1085 3564 1237 3615 omni
1286 3563 1463 3632 copia-

390 3663 516 3699 rum
557 3637 935 3692 collocatione.
1011 3634 1175 3699 Igitur
1203 3630 1464 3683 Cornelio

394 3710 648 3781 Scipione
690 3705 782 3757 uni
821 3701 1001 3760 lateri,
1038 3700 1228 3752 Blaeso
1257 3698 1367 3752 filio
1392 3698 1466 3750 al·

392 3783 494 3835 teri
525 3776 677 3839 lateri
715 3769 1027 3843 praefectis,
1074 3769 1186 3835 ipse
1223 3766 1489 3822 medium,

394 3858 598 3903 tenens·
648 3854 763 3896 arta
828 3849 881 3891 et
947 3837 1158 3889 infensa
1222 3834 1468 3888 hostibus

398 3925 595 3972 cuncta
621 3912 846 3964 fecerat.
1254 3938 1258 3942 -

466 3995 527 4037 ut
550 3998 673 4034 mos
683 3977 908 4047 fuerat.
967 3971 1215 4026 Ed.=Ald.
1244 3981 1305 4023 ut
1322 3986 1473 4046 mox

424 4060 603 4106 uerat.

384 4054 436 4125 s
469 4132 527 4173 ut
555 4121 613 4169 in
641 4114 854 4168 limine.
929 4112 990 4162 ln
1028 4107 1214 4161 limine
1247 4107 1472 4163 alicuius

391 4187 479 4244 -r‘ei
509 4188 764 4239 dicuntur
785 4201 912 4239 esse,
949 4178 1039 4247 qui
1066 4196 1175 4229 non
1201 4185 1325 4228 suut
1347 4191 1472 4242 pro·

314 4271 315 4276 ’
403 4256 492 4310 cul
527 4255 591 4305 ab
623 4251 742 4309 illa,
779 4250 870 4301 sed
912 4266 1072 4317 quam
1115 4244 1358 4315 proxime
1395 4242 1476 4292 in·

404 4332 561 4379 stant.
665 4316 1021 4373 Germanice:
1082 4317 1334 4366 sondern
1381 4312 1475 4362 als

1610 3097 1928 3160 proturbat.
2003 3092 2140 3146 Edd.
2162 3090 2419 3145 Beroald.
2450 3090 2616 3144 Rhen-
2654 3093 2662 3100 ’

1545 3165 1669 3218 Ald.
1701 3163 1841 3234 Lips.
1864 3162 2011 3214 1574.
2031 3162 2434 3228 proturbabat,
2474 3158 2618 3228 quod

1545 3232 1675 3287 huic'
1699 3233 1823 3285 loco
1850 3230 2021 3301 aptius
2046 3233 2157 3282 esse
2190 3229 2421 3281 videtur.
2482 3246 2615 3293 pro·

1547 3306 1738 3354 turbat
1765 3300 1891 3351 edd.
1918 3299 2059 3370 Lips.
2086 3298 2437 3368 posteriores,
2474 3296 2617 3350 Pich.

1551 3369 1710 3423 Grut.
1742 3386 1860 3437 sqq.

1615 3455 1827 3521 gaudio
1864 3461 1920 3503 et
1957 3452 2185 3517 impetu.
2278 3449 2428 3503 Haec
2465 3449 2617 3507 Roih.

1548 3542 1602 3643 p).
1626 3523 1713 3573 26.
1741 3534 1797 3574 ut
1827 3519 1886 3573 ἓν
1911 3518 2004 3573 διὰ
2034 3520 2196 3571 δυοῖν
2222 3518 2618 3592 interpretatur.

1608 3612 1635 3643 e
1660 3609 1719 3642 re
1748 3590 1819 3643 ef.
1849 3600 1967 3643 not.
1996 3588 2061 3640 ad
2091 3590 2136 3647 1,
2162 3586 2213 3640 3.

1622 3685 1751 3726 tunc
1777 3671 2036 3726 Tiberias
2053 3673 2277 3724 Blaesm.
2348 3670 2526 3723 Testis
2549 3678 2621 3723 est

1554 3742 1746 3795 Vellei.
1773 3742 1965 3806 2,,195.
2019 3738 2273 3792 Ceterum
2298 3750 2490 3791 contra
2508 3738 2620 3792 cod.

1553 3812 1678 3863 MS.
1709 3810 2083 3862 auctoritatem
2119 3807 2254 3859 olim
2285 3807 2419 3869 baec
2445 3806 2619 3858 distin·

1555 3882 1859 3951 guebantur
1908 3878 2006 3929 ita:
2062 3877 2295 3928 Blaeso.
2393 3875 2619 3927 Postre-

1558 3966 1715 3999 mum
1745 3941 1939 3997 obiere'
1966 3955 2067 3998 cte.
2137 3943 2436 3996 Meliorem
2473 3943 2621 3996 ratio·

1557 4036 1684 4069 nem
1708 4014 1915 4067 induxit
1944 4012 2196 4066 Plebena.

1628 4100 1761 4152 CAP.
1789 4098 1876 4152 75.
1963 4098 2289 4152 Saloninus,
2374 4093 2471 4147 Sic
2511 4093 2623 4150 edd.

1559 4170 1702 4239 Lips.
1734 4169 1854 4237 s‘qq.
1927 4166 1994 4219 cf.
2020 4165 2237 4217 Servius
2270 4163 2336 4215 ad
2357 4163 2624 4233 Virg.Ecl.

1557 4239 1609 4299 4,
1637 4240 1685 4290 1.
1719 4270 1789 4281 --
1860 4234 1999 4289 Edd.
2025 4231 2277 4288 Beroald.
2303 4230 2482 4286 Rhen-
2504 4231 2623 4285 Ald.

1559 4304 1850 4359 Salonius.
