2794 5085
926 234 1635 479 PRAerA‘mo.
1839 376 1843 385 ³
2063 266 2068 278 ’
2201 358 2390 414 xxm
2502 342 2510 360 ¹

159 486 316 562 Bat.
347 424 559 561 1586
558 487 655 586 .),
706 502 777 561 et
807 468 1078 562 Mureti
1120 460 1491 581 ingenium
1515 491 1824 591 multum
1854 492 2124 599 profuit
2147 492 2390 589 Lipsio

159 592 237 679 in
264 591 734 663 emendandis
761 589 996 664 Taeiti
1023 593 1250 666 libris.
1823 660 1826 669 .

386 787 454 883 §.
481 786 610 862 26.
667 781 936 858 Editio
979 780 1236 862 Curtii
1273 780 1664 860 Ρίεᾶεηαεὶ
1772 787 2052 862 Prodiit
2077 787 2393 870 Franco-

152 890 332 961 furti
365 892 557 981 apud
572 887 957 962 Claudium
969 890 1343 962 Mal-nium
1372 906 1444 964 et
1469 885 1808 961 haeredes
1826 889 2117 976 Ioannis
2128 887 2393 966 Aubrii

151 1016 269 1067 an.
303 987 530 1066 1607.
557 987 631 1067 4.
663 987 802 1064 hoc
841 994 1083 1064 titulo.
1153 983 1240 1064 C.
1269 983 1611 1064 Cornelii
1636 987 1896 1065 Taciti
1926 1016 2160 1092 opera
2201 1019 2394 1094 quae

151 1102 459 1165 exstant
493 1090 713 1165 iuxta
751 1093 1164 1166 veterrimos
1188 1078 1748 1193 Manuscriplos
1777 1088 2201 1180 emendata,
2253 1122 2389 1169 no·-
2483 1180 2486 1181 ⁷

151 1196 259 1267 tis
280 1193 754 1269 auctioribus
788 1194 1180 1269 illustrata
1213 1215 1347 1296 per
1377 1190 1720 1271 Curtium
1751 1192 2156 1271 Pichenam
2198 1222 2388 1271 sere·-

151 1297 333 1370 niSS.
367 1295 663 1394 Magni
683 1295 930 1372 Ducis
958 1298 1325 1373 Etruriae
1367 1325 1420 1370 a
1465 1298 1772 1372 secretis.
1820 1341 1919 1357 —
2017 1301 2238 1374 Notas
2265 1301 2390 1373 Pi-·

150 1398 380 1472 chena
439 1403 584 1473 iam
638 1404 839 1496 prius
895 1406 1190 1475 seorsim
1232 1403 1563 1475 ediderat
1612 1404 1927 1495 primum
1953 1400 2389 1492 Florentiae,
2398 1396 2412 1451 ⁸·

63 1510 70 1527 '
149 1519 306 1576 tum
333 1502 812 1577 Hannoverae
838 1532 955 1581 an.
993 1504 1212 1581 1604.
1251 1506 1325 1581 8.
1425 1504 1717 1584 Profuit,
1741 1505 1993 1576 Tacito
2040 1531 2124 1577 eo
2161 1507 2387 1600 potis-

148 1607 445 1691 simum,
518 1609 712 1702 quod
755 1633 794 1679 e
835 1607 1053 1685 MSS.
1096 1608 1533 1696 Florentinis
1571 1608 1925 1689 *veriorem
1966 1609 2386 1703 scripturam

146 1710 396 1783 multis
427 1710 602 1795 locis
633 1711 940 1789 restituit
987 1726 1054 1782 et
1098 1711 1345 1783 subtili
1387 1711 1677 1801 ingenio
1722 1710 2139 1785 aestimavit.
2240 1709 2386 1784 Sed

147 1812 371 1931 magis
388 1806 615 1882 'etiam
641 1814 1056 1907 profuisset,
1102 1814 1164 1883 si
1202 1813 1595 1885 accuratius
1637 1813 2058 1906 scripturam
2082 1812 2386 1889 Floren-
2468 1838 2488 1847 ·

146 1915 373 1985 tinam
400 1916 821 1989 adnotasset.
921 1914 1109 1986 Nam
1137 1940 1382 2011 saepe,
1431 1916 1599 1986 licet
1637 1915 1985 2008 scriptura
2017 1930 2189 2001 tunc
2224 1917 2386 1986 vul-

148 2031 303 2106 gata
334 2043 389 2087 a
408 2019 612 2090 codd.
643 2017 838 2092 Flor.
866 2020 1260 2104 aberraret,
1308 2017 1584 2088 variam
1621 2017 2040 2110 scripturam
2081 2019 2386 2109 prodere
2504 2104 2512 2109 .
2607 2042 2612 2049 ·

151 2120 487 2208 neglexit,
560 2121 728 2214 quia
773 2121 852 2188 in
891 2120 1128 2191 verbis
1186 2109 1496 2210 vulgatis
1549 2119 1699 2211 ipse
1752 2143 1902 2189 non
1958 2119 2385 2192 offendebat.

154 2218 485 2307 Ceterum
508 2218 821 2293 Pichena
851 2220 1184 2307 utebatur
1213 2223 1427 2292 etiam
1452 2223 1564 2294 ed.
1576 2219 1852 2291 Veneta
1887 2222 1977 2290 de
2016 2245 2131 2296 an.
2162 2218 2384 2295 1497.

152 2320 383 2415 Ipsius
409 2324 626 2395 editio
644 2325 938 2417 repetita
970 2338 1073 2394 est
1089 2321 1424 2394 Genevae
1444 2324 1631 2415 apud
1648 2321 1943 2393 Petrum
1975 2324 2062 2392 de
2090 2324 2161 2394 la
2177 2321 2385 2396 Rou-
2509 2363 2525 2380 ο

143 2425 291 2496 iere
333 2425 552 2502 1609.
603 2425 674 2502 8.

346 2619 901 2718 §.27.Ed1ti0
943 2620 1134 2694 Iani
1180 2618 1504 2695 Gruteri.
1606 2622 1887 2694 Prodiit
1932 2585 2383 2694 Francofurti
2461 2711 2478 2719 ·

139 2725 177 2797 e
205 2728 505 2817 collegio
534 2711 1002 2798 Paltheniano
1033 2727 1434 2845 sumptibus
1464 2723 1680 2794 Ionae
1697 2719 1974 2796 Rhodii
2007 2749 2123 2799 an.
2129 2724 2382 2799 1607.

138 2829 221 2903 8.
352 2827 708 2900 Gruterus
748 2830 829 2899 in
875 2825 1007 2900 hac
1054 2830 1371 2902 editione
1411 2827 1684 2921 primus
1725 2826 2034 2898 instituit
2082 2851 2241 2897 eam
2285 2827 2386 2895 li-.

134 2934 438 3002 brorum
498 2931 942 3021 singulorum
1003 2931 1082 3000 in
1138 2931 1363 3025 capita
1425 2929 1887 3014 divisionem,
1965 2952 2107 3023 qua
2162 2922 2384 3004 hodie
2493 2979 2510 2990 x

136 3035 445 3119 utlmur,
484 3034 914 3130 addiditque
936 3034 1254 3103 indicem
1291 3056 1557 3104 rerum
1553 3044 1634 3099 et
1663 3030 2178 3104 vocabulorum
2222 3032 2381 3123 ple-

138 3137 443 3226 nior-ern.
445 3141 461 3148 ⁸
547 3134 945 3207 Posteriore
970 3136 1159 3204 libri
1201 3147 1402 3226 parte
1439 3131 1926 3220 continentum
1973 3125 2205 3204 Andr.
2243 3126 2406 3204 Al-ss·

137 3239 306 3308 ciati
344 3223 871 3314 annotationes:
918 3236 1122 3312 Beati
1155 3231 1514 3309 Rhenani
1540 3233 2059 3324 castigationes,
2109 3228 2378 3329 Aemy-
2415 3295 2422 3302 ,

132 3342 218 3409 lii
266 3339 571 3410 Ferretti
621 3338 679 3414 I.
720 3339 802 3415 C.
844 3337 1500 3411 annotatiunculae:
1570 3334 1680 3409 Μ.
1728 3333 2092 3406 Vertranii
2128 3334 2396 3406 Mauri·
2457 3371 2460 3372 ⁷

118 3440 200 3515 ·I.
240 3440 322 3515 C.
367 3458 579 3515 notae
633 3439 1088 3536 (Vertranius
1125 3467 1162 3512 e
1206 3441 1487 3511 duobus
1531 3435 1747 3511 MSS.
1791 3435 2060 3512 Vaticc.
2111 3438 2375 3510 auxilia

136 3541 454 3640 habuit):
507 3543 749 3615 Fulvii
779 3543 1025 3616 Ursini
1071 3557 1314 3614 notae:
1365 3538 1698 3610 Marcelli
1725 3537 1997 3610 Donati
2025 3540 2376 3612 dilucida-

132 3647 397 3718 tiones:
452 3645 813 3717 Francisci
839 3645 1079 3715 Modii
1124 3644 1599 3736 novantiquae
1635 3643 2006 3712 lectiones
2028 3644 2121 3711 ad
2160 3641 2375 3713 Taci-

134 3765 290 3820 tum
334 3747 569 3842 (epist.
598 3748 761 3821 XV.
805 3745 978 3820 Iano
1024 3746 1369 3818 Lernutio
1421 3758 1491 3814 et
1531 3744 1825 3837 epistola
1868 3740 2142 3830 XCIX.
2176 3741 2372 3813 Iusto

134 3850 446 3947 Lipsio)·
514 3849 757 3926 Iosiae
781 3834 1088 3919 Merceri
1139 3831 1226 3920 ad
1268 3843 1686 3919 Cornelium
1718 3825 2049 3915 Tacitum
2099 3845 2375 3939 aliquot

137 3968 377 4023 notae:
462 3951 706 4031 Curtii
736 3946 1092 4022 Pichenae
1136 3965 1373 4022 notae.
1450 3938 1951 4039 Christophori
1994 3944 2235 4017 Coleri
2279 3947 2388 4018 ad

131 4051 214 4129 C.
226 4054 546 4128 Cornelii
564 4054 802 4125 Taciti
830 4054 1085 4146 scripta
1114 4050 1583 4145 spicilegium.
1636 4047 1793 4119 Iani
1828 4044 2123 4119 Gruteri
2148 4043 2371 4121 Sche-

132 4159 419 4234 diasma.
453 4203 549 4217 --
624 4155 980 4227 Gruterus
1010 4157 1430 4248 plerumque
1459 4151 1779 4245 sequitur
1806 4165 2108 4237 textum,
2156 4155 2369 4244 quem

133 4262 411 4346 dicunt,
457 4260 723 4352 Lipsii:
778 4258 1125 4326 nonnulla
1169 4255 1565 4339 emendavit
1611 4278 1648 4321 e
1687 4250 2037 4323 Pichenae
2084 4267 2372 4323 senten-
2456 4254 2459 4257 ’

1510 4346 1654 4422 3*
