2794 5085
2272 317 2338 367 Α.
2352 319 2424 363 n.
2453 321 2564 366 τεο.

2273 374 2338 417 Α.
2363 372 2426 420 c,
2484 375 2568 439 ³³,

414 323 564 397 ses
1141 284 1150 295 ’
1226 318 1839 394 ANNALluM
1938 353 1953 361 -

411 477 740 555 emniecti
778 477 1098 553 custodes
1142 489 1211 547 et
1245 477 1324 546 in
1362 501 1757 548 maerorem
1800 476 2140 573 cuiusque
2182 478 2453 551 intenti
2506 503 2668 549 cor-

409 583 1015 677 poraputrefacta
1054 572 1629 666 adsectabantur,
1690 584 1865 650 dum
1898 582 1999 651 -in
2044 580 2376 652 Tiberim
2417 578 2669 651 trahe-

410 698 692 769 rentur,
733 683 860 753 uhi
888 682 1241 769 fluitantia
1266 697 1389 755 aut
1412 684 1590 775 ripis
1620 684 1917 775 adpulsa
1940 708 2090 752 non
2116 708 2439 753 cremare
2465 686 2669 777 quis-

413 810 670 882 quam,
743 807 894 853 non
946 785 1376 873 contingere.
1503 785 1959 856 interciderat
2020 787 2232 863 sortis
2295 781 2666 856 humanae

411 887 914 961 commercium
965 885 1040 954 vi
1092 899 1357 972 metus,
1422 902 1908 980 quantumque
1961 888 2253 958 saevitia
2312 889 2670 977 glisceret,

408 990 770 1061 miseratio
803 988 1197 1060 arcebatur.
1684 1011 1691 1018 ·
2023 1010 2035 1023 ‘

611 1121 775 1197 XX.
878 1120 1032 1192 Sub
1087 1121 1278 1189 idem
1323 1135 1604 1212 tempus
1648 1119 1728 1194 C.
1770 1120 2028 1193 Caesar
2076 1123 2485 1193 discedenti
2529 1122 2663 1195 Ca-

397 1248 614 1323 ·preas
655 1251 786 1321 avo
809 1212 1054 1333 ¹comes
1079 1221 1454 1323 Claudiam
1482 1223 1589 1298 M.
1621 1223 1852 1297 Silani
1894 1226 2115 1293 filiam
2156 1227 2509 1316 coniugio
2553 1253 2662 1296 ac-

409 1330 630 1422 cepit,
682 1328 1072 1397 immanem
1108 1326 1429 1393 animum
1456 1328 1759 1400 ‘subdola
1793 1328 2136 1397 modestia
2170 1341 2459 1417 tegenS,
2515 1355 2660 1400 non

410 1431 870 1502 damnatione
926 1428 1205 1513 matriS,
1286 1452 1439 1497 non
1496 1429 1743 1499 ‚exsilio
1811 1429 2107 1499 fratrum
2176 1432 2393 1522 rupta
2454 1458 2657 1505 voce:

408 1535 692 1630 qualem
720 1532 909 1602 diem
938 1528 1273 1601 Tiberius
1298 1531 1681 1615 induisset,
1720 1531 1878 1622 pari
1902 1527 2188 1633 habitu,
2232 1528 2440 1602 haud
2469 1537 2658 1603 mul-

407 1652 564 1708 tum
590 1632 1016 1707 distantibus
1048 1632 1306 1703 verbiS.
1409 1633 1604 1701 unde
1632 1658 1795 1702 mox
1842 1634 2091 1704 scitum
2118 1632 2454 1704 Passieni
2497 1660 2654 1707 ora·-

397 1739 580 1826 ⁴toris
622 1737 892 1805 dietum
932 1731 1402 1826 percrebruit:
1455 1759 1686 1828 neque
1724 1736 2093 1805 meliorem
2134 1762 2470 1830 unquam
2511 1765 2651 1808 ser-

371 1844 377 1852 “
406 1866 576 1912 vum
609 1862 839 1931 neque
873 1837 1293 1907 deteriorem
1324 1837 1700 1931 dominum
1727 1838 1962 1911 fuisse.
2065 1837 2235 1908 Non
2275 1842 2645 1912 omiserim

1564 2090 1830 2188 plerique.
1912 2117 2088 2170 Nemo
2125 2128 2307 2172 tamen
2351 2118 2644 2176 locutionis
2710 2112 2731 2133 l

400 2122 658 2194 nequibat
684 2118 876 2181 vetari,
911 2116 971 2170 fit
995 2118 1158 2170 etiam
1187 2127 1478 2170 transeun-
1650 2185 1661 2198 .
1996 2187 2007 2198 ·
2056 2189 2066 2199 ⁸

1562 2196 1829 2238 rationem
1858 2186 2109 2240 reddidit.
2180 2188 2391 2258 Nempe
2424 2192 2642 2244 brevius

404 2196 496 2249 do·
569 2193 640 2245 At
674 2184 889 2241 diutius
925 2188 1111 2241 visene
1149 2206 1263 2238 non
1306 2186 1477 2238 daba-

398 2274 508 2317 tur.

474 2329 737 2392 Tiberim.
810 2319 902 2378 Sic
929 2325 1053 2377 edd.
1078 2323 1324 2377 Rhenan.
1356 2344 1478 2396 sqq.

400 2402 686 2472 Tyberim,
720 2396 843 2448 edd.
870 2393 1119 2446 Beroald.
1150 2393 1271 2445 Alc.

470 2469 830 2521 interciderat
849 2502 862 2516 .
881 2503 892 2515 .
914 2464 1329 2519 commercium.
1403 2459 1474 2513 H.

397 2563 448 2597 e.
481 2539 631 2622 quod
671 2532 822 2587 alteri
860 2530 1155 2591 acciderat,
1194 2531 1260 2582 ab
1301 2529 1474 2584 altero

323 2625 330 2632 ’
399 2607 793 2677 accipiebatur,
855 2611 1106 2671 tanquam
1148 2600 1314 2670 adse
1358 2619 1472 2652 non

398 2679 713 2750 pertineret.

468 2764 530 2813 vi
573 2768 772 2811 metus,
864 2754 1012 2808 Male
1059 2752 1352 2814 lacessunt,
1416 2764 1472 2807 ut

394 2838 639 2891 mutent,
663 2824 871 2894 Lipsius
898 2824 953 2876 in
979 2826 1049 2881 vi,
1088 2831 1241 2872 metu
1253 2844 1271 2884 ;
1312 2822 1473 2874 Hein.

396 2902 505 2955 sius
533 2901 590 2952 in
617 2898 708 2949 sui
730 2904 899 2946 metu.
975 2893 1077 2944 Vis
1106 2890 1192 2942 hie
1224 2892 1473 2970 exprimit

431 2957 644 3024 raecum
674 2959 846 3033 ἰσχύς.
891 2958 1142 3032 ’Ῑσχυρὸν
1171 2968 1356 3028 φοβον
1383 2960 1472 3011 ha-

392 2992 491 3093 fies
521 3036 662 3109 apud
689 3031 934 3104 Xenoph.
960 3033 1162 3101 Cyrop.
1189 3030 1241 3087 8,
1271 3032 1316 3088 1,
1343 3030 1433 3082 23.

435 3107 601 3178 *Cala
628 3121 719 3173 20.
792 3116 1049 3182 coniugio
1076 3116 1301 3181 accepit.
1376 3113 1470 3167 Sic

229 3191 234 3198 ’
392 3192 444 3257 3,
469 3193 519 3245 9.
546 3190 832 3258 praesidio
846 3187 1076 3254 Africae
1098 3187 1422 3236 ducebatur.

462 3277 663 3329 exsilio
688 3269 976 3393 grumum.
1055 3268 1216 3323 Unus
1258 3278 1467 3322 tantum

390 3347 653 3401 fratrum,
729 3342 871 3398 ‘ero‚
910 3339 967 3391 in
1009 3337 1280 3400 exsilium,
1320 3339 1468 3407 quod

392 3415 561 3484 vulgo
611 3410 843 3471 dicitur,
905 3419 1057 3460 aetus
1108 3418 1267 3470 erat;·
1312 3408 1465 3464 alter,

389 3484 635 3542 Drusus,
697 3480 755 3530 in
794 3478 925 3530 ima‘
975 3476 1120 3528 alatii'
1148 3486 1298 3544 parte
1349 3487 1465 3528 tum

389 3549 810 3607 custodiebatur.
920 3496 1214 3614 &tritisque
1286 3553 1463 3606 tamen

387 3620 567 3675 fratris
600 3628 800 3671 sortem
841 3613 1006 3666 exsilii
1046 3611 1314 3670 vocabulo
1342 3612 1463 3664 No·-

390 3700 501 3745 ster
539 3685 843 3746 coniunxit,
900 3693 960 3734 ut
1000 3682 1271 3743 exsilium,
1334 3682 1458 3742 ἐξο-

424 3753 612 3828 ισμός,
670 3751 1101 3822 intelligaturin
1150 3751 1458 3806 universum

386 3780 453 3884 ge
484 3829 577 3891 iis,
649 3823 703 3876 ui
735 3820 919 3875 limine
949 3821 1143 3873 domus
1182 3817 1457 3891 principa-

385 3901 451 3954 lis
482 3894 630 3967 expel
659 3895 906 3946 ebantur.

457 3984 685 4052 qualem
718 3977 869 4028 diem
898 3972 961 4026 T.
998 3974 1290 4035 induisset,
1319 3976 1464 4041 pari

385 4054 600 4109 habitu.
670 4048 711 4099 1.
730 4046 820 4097 Fr.
843 4043 1159 4100 Gronovius
1184 4042 1457 4110 interpre-

388 4132 558 4176 tatur:
583 4139 629 4181 *,‚
676 4113 855 4168 ualem
879 4112 1116 4164 animum
1140 4113 1458 4186 vultumque

393 4204 397 4207 ⁴
427 4208 606 4258 uoque
676 4188 722 4237 ie
758 4181 1069 4253 sumpsisset
1097 4181 1181 4233 vel
1214 4180 1459 4248 gessisset

438 4258 667 4317 iberius,
710 4253 869 4305 talem
904 4263 955 4305 et
991 4250 1102 4376 ipzse
1133 4249 1365 4302 induens
1400 4268 1475 4301 ae=

387 4333 525 4399 prae'
562 4343 617 4398 χε
661 4320 913 4374 ferens.”
1056 4318 1109 4369 ui
1153 4317 1459 4372 adsentiunt

1563 2254 1762 2307 Noster
1790 2255 1948 2309 dicit:
1990 2260 2217 2323 qualem
2242 2259 2399 2310 diem
2431 2262 2639 2313 induis·

1560 2333 1648 2375 set
1688 2342 1814 2392 pro,
1869 2324 2081 2393 qualem
2128 2326 2273 2378 diem
2314 2327 2510 2380 habitu
2555 2331 2639 2382 in·-

1564 2392 1695 2444 duto
1729 2393 2062 2448 ostendisset.
2131 2395 2392 2449 Habitus
2423 2396 2481 2448 in
2520 2401 2634 2451 uni-

1562 2460 1782 2516 versum
1823 2474 1902 2514 est
1941 2464 2119 2515 omnis
2158 2464 2212 2514 in
2251 2467 2493 2518 externis
2532 2488 2656 2520 sese-

1560 2530 1793 2602 habendi
1830 2530 1986 2588 rutiO.
2076 2532 2319 2603 Qualem
2360 2535 2520 2587 diem
2554 2537 2632 2589 in-

1559 2601 1740 2671 tellige
1781 2602 1984 2653 tristem
2014 2601 2127 2654 sive
2157 2604 2387 2663 laetum,
2437 2605 2630 2658 festum

1559 2669 1673 2724 sive
1722 2669 1977 2722 infestum
2039 2671 2132 2735 (cs.
2183 2691 2231 2724 c.
2265 2674 2356 2725 21.
2392 2679 2629 2740 ‚qualem

1556 2741 1707 2790 diem
1742 2741 2020 2807 haberet).
2091 2739 2219 2791 Alio
2262 2741 2411 2793 enim
2455 2742 2628 2795 habia

1557 2808 1736 2860 solent
1775 2808 1852 2859 uti
1893 2827 1988 2879 per
2038 2809 2182 2861 diem
2232 2808 2470 2874 laetum,
2510 2814 2628 2864 ·aio

1597 2897 1657 2929 er
1723 2878 1863 2930 diem
1919 2878 2122 2930 tristem
2184 2879 2271 2931 vel
2327 2878 2626 2950 vulgarem.

1604 2965 1855 2998 ossumus
1891 2946 2085 3016 igitur,
2130 2947 2232 2998 nisi
2284 2946 2483 3008 fallor,
2537 2970 2620 3002 su·

1554 3015 1840 3085 persedere
1911 3015 2418 3079 emendationibus,
2497 3038 2625 3089 quos

1554 3102 1888 3154 proposuere
1954 3084 2277 3137 Vertranius
2303 3105 2320 3137 :
2404 3094 2623 3155 qualem

1550 3154 1671 3215 die,
1743 3152 1995 3205 Huetius:
2029 3156 2285 3221 ”qualem
2343 3157 2403 3205 in
2466 3159 2624 3219 diem,

1592 3221 1700 3273 uod
1746 3241 1998 3291 recepere
2025 3222 2335 3284 Broterius,
2374 3224 2620 3290 Crollius,

1550 3290 1573 3341 l
1603 3291 1873 3359 upertius3
1892 3290 2171 3343 Heinsius:
2189 3293 2416 3360 quizlem
2432 3298 2623 3357 dedic,-

1551 3359 1862 3414 Aeidalius:
1898 3363 2082 3423 vultu,
2119 3364 2349 3429 qualem
2378 3362 2444 3415 T.
2471 3367 2613 3423 ind..

1616 3463 1774 3511 haud
1807 3462 2051 3512 multum
2079 3464 2134 3514 d.
2160 3462 2361 3514 verbis.
2439 3463 2618 3516 Verba

1548 3528 1805 3581 nonnulli
1831 3530 2253 3600 interpretantur
2268 3528 2615 3603 AeuJIs-erun-

1546 3616 1672 3663 gen.
1758 3598 1863 3677 Sqd
1906 3597 2010 3651 hoc
2049 3599 2376 3651 vocabulum
2413 3602 2613 3672 signiti-

1549 3677 1633 3718 cat
1670 3667 1898 3726 iudicia,
1981 3686 2077 3719 uae
2120 3668 2239 3737 quis
2276 3666 2386 3720 sert
2423 3670 2491 3723 de
2525 3671 2614 3725 hac

1545 3736 1631 3787 vel
1664 3735 1752 3788 illa
1776 3755 1850 3786 re.
1921 3683 2023 3788 ffic
2050 3747 2229 3788 tamen
2268 3738 2615 3812 cogitandum

1544 3814 1622 3856 est
1647 3804 1712 3855 de
1739 3804 2036 3858 imitatione
2062 3806 2349 3858 sermonis.
2374 3825 2375 3828 ’

1611 3906 1972 3967 percrebruit.
2058 3905 2152 3959 Sic
2192 3905 2319 3958 edd.
2356 3906 2608 3963 Beroald.

1544 3972 1667 4029 Alc.
1711 3972 1954 4025 Rhenan.
2053 3973 2197 4046 Lips.
2234 3974 2414 4045 prima
2456 3978 2610 4042 etlsic

1543 4042 1890 4094 scribendum
1961 4061 2072 4095 esse
2136 4044 2325 4095 docuit
2385 4045 2606 4098 Ouden-

1546 4110 1649 4161 dor
1691 4150 1703 4162 .
1744 4112 1807 4162 ad
1839 4110 1986 4163 Suet.
2016 4111 2115 4164 lul.
2153 4132 2199 4164 c.
2227 4113 2312 4166 79.
2385 4115 2606 4180 (Eodem

1543 4129 1710 4230 mmpo
1726 4179 2009 4233 scribimus
2024 4182 2298 4245 nigre-sco,
2320 4186 2607 4250 eegr-esce.)

1538 4250 1855 4313 percrebuit
1892 4249 2013 4302 edd.
2047 4249 2174 4301 Ald.
2211 4249 2429 4321 Micyll.
2471 4253 2603 4323 Lips.

1544 4317 1900 4384 posteriores,
1936 4317 2090 4371 Pich.
2117 4317 2277 4373 Grut.
2304 4339 2422 4391 sqq.
