2794 5085
2213 350 2356 429 μυ.
2381 378 2483 424 773.

2214 437 2275 476 A.
2301 432 2366 477 e.
2405 434 2483 476 20.
2515 466 2532 479 .

344 388 499 459 240
596 440 597 443 ,
650 400 651 403 ’
1165 379 1775 457 ANNALIUM

344 564 620 616 morem
647 555 1017 635 cuperent,
1066 535 1254 609 nihil
1287 562 1415 631 per
1440 550 1709 607 metum
1736 537 2180 614 vetabantur.
2285 556 2357 612 at
2389 524 2602 636 Ρφεῖζ

345 672 563 745 quam
591 647 752 719 exui
781 641 1165 738 aequalitas
1204 656 1274 711 et
1300 666 1433 732 pro
1466 641 1811 710 modestia
1852 665 1932 710 ac
1971 644 2244 732 pudore
2286 638 2584 714 ambitio

353 766 420 821 et
477 749 588 819 vis
653 746 1079 835 incedebat.
1137 767 1531 835 provenere
1589 741 2113 812 dominationes
2181 746 2586 841 multosque

244 850 248 859 ’
286 860 289 867 ’
344 852 537 945 apud
587 850 888 942 populo's
939 850 1306 929 aeternum
1358 868 1704 915 mansere.
1825 843 2140 938 Quidam
2184 848 2423 916 statim
2454 862 2589 918 ‘aut

328 969 722 1048 postquam
748 974 996 1040 regum
1036 940 1437 1040 pertaesum
1475 946 1659 1036 leges
1698 947 2128 1020 maluerunt.
2230 946 2389 1019 Hae
2436 951 2591 1041 pri-

345 1082 473 1145 mo
508 1053 809 1125 rudibus
847 1048 1228 1122 hominum
1263 1046 1536 1118 animis'
1565 1048 1918 1139 simplices
1961 1064 2190 1120 erant:
2242 1042 2591 1153 maxime-3

351 1183 487 1252 que
517 1158 705 1226 fama
735 1154 1116 1224 celebravit
1142 1148 1628 1236 Cretensium,
1671 1174 1844 1244 quas
1870 1149 2150 1236 Minos,
2193 1144 2589 1245 Spartano-

345 1273 570 1344 rum„
593 1281 768 1352 quas
811 1255 1216 1348 Lycurg11S‚
1264 1279 1345 1323 ac
1387 1260 1555 1321 mox
1599 1247 2158 1323 Atheniensibus
2202 1256 2589 1347 quaesitio-

344 1386 460 1431 res
501 1360 645 1429 iam
685 1372 753 1428 et
792 1358 1029 1449 plures
1061 1355 1288 1426 Solon
1326 1355 1755 1448 perscripsit.
1825 1352 2081 1425 *Nobis
2106 1352 2466 1427 Romulus
2511 1373 2590 1428 ut

346 1454 636 1537 libitum
662 1459 1217 1556 imperitaverat:
1272 1457 1442 1527 dein
1469 1454 1699 1526 Numa
1738 1456 2203 1547 religionibus
2235 1472 2304 1527 et
2335 1459 2585 1529 divino

347 1567 502 1635 iure
541 1563 891 1656 populum
931 1559 1278 1639 devinxit:
1332 1572 1748 1650 repertaque
1794 1546 2146 1651 quaedam
2184 1586 2224 1628 a
2252 1558 2476 1630 Tullo
2524 1574 2589 1630 et

346 1665 587 1736 Anco:
668 1665 791 1732 sed
845 1662 1265 1754 praecipuus
1321 1659 1611 1730 Servius
1669 1657 1957 1729 Tullius
2017 1676 2298 1732 sanctor
2350 1664 2589 1755 leg-um
2639 1690 2644 1695 ·

347 1769 521 1853 fuit,
572 1767 731 1860 quis
763 1764 980 1833 etiam
1010 1787 1205 1852 reges
1236 1762 1822 1851 obtemperarent.

549 1863 858 1939 XXVII.
958 1863 1176 1934 Pulso
1234 1861 1636 1956 Tarquinio
1702 1864 2079 1933 adversum
2144 1880 2431 1956 patrum
2482 1867 2590 1935 fa-

349 1972 617 2043 ctiones
662 1969 888 2039 multa
938 1967 1248 2059 populus
1298 1965 1577 2057 paravit
1617 1967 1920 2035 tuendae
1964 1966 2312 2036 libertatis
2358 1982 2438 2039 et
2467 1969 2592 2036 fir·-

344 2075 649 2144 mandae
727 2069 1179 2140 concordiae:
1270 2066 1626 2159 creatique
1704 2067 2119 2152 decemviri,
2204 2084 2280 2157 ⁴et:
2350 2070 2590 2138 accitis

349 2200 532 2270 quae
593 2196 895 2266 usquam
958 2170 1264 2260 egregia,
1344 2167 1772 2260 compositae
1839 2170 2217 2240 duodecim
2281 2171 2593 2257 tabulae.

347 2279 543 2349 finis.
582 2275 791 2369 aequi
855 2274 1052 2347 iuris.
1178 2296 1345 2341 nam
1415 2286 1687 2343 secutae
1752 2270 1939 2360 leges
2001 2272 2132 2342 etsi
2200 2272 2590 2366 aliquando

249 2523 254 2529 ’
350 2520 434 2577 rio
472 2539 600 2575 cum
633 2515 883 2574 Acidalio
924 2515 1274 2571 scribendum
1315 2525 1431 2570 erat
1583 2514 1720 2570 CAP.
1751 2515 1839 2569 27.
1909 2514 2221 2587 sactiones.
2308 2515 2409 2574 Ed.
2460 2516 2591 2574 Ald.
2657 2539 2664 2544 ·

344 2599 600 2660 peterent
613 2608 633 2651 ‚·
677 2589 784 2639 iam
809 2606 936 2640 vero
964 2585 1177 2656 egregie
1202 2584 1430 2638 falleba-
1498 2585 1795 2656 factionis.

351 2673 441 2714 tur
467 2660 755 2738 interpres,
798 2674 965 2723 quum
1000 2655 1167 2708 alium
1202 2653 1429 2707 exeundi
1539 2719 1549 2727 ἢ
1584 2659 1830 2706 tuendae
1864 2655 2142 2707 libertatis
2173 2663 2228 2707 et
2302 2661 2593 2710 rmandae

350 2727 579 2783 modum
609 2723 876 2777 invenisse
901 2742 956 2776 se
985 2732 1214 2794 putaret.
1515 2724 1866 2776 concordiae.
1937 2724 2012 2778 cf.
2051 2734 2170 2778 not.
2206 2744 2235 2777 a
2304 2744 2354 2777 c.
2383 2724 2433 2776 7.
2463 2727 2624 2790 et.2,'

1515 2791 1599 2844 59.

1567 2860 1708 2929 finis
1727 2862 1917 2943 ‚aequi
1948 2861 2103 2913 iuris.
2186 2861 2592 2917 Freinshemius

419 2793 704 2848 modestia
730 2810 797 2845 ac
821 2796 1055 2860 pudore.
1127 2790 1289 2846 Prius
1314 2810 1451 2858 cerg

350 2865 502 2919 nitur
532 2863 592 2916 in
629 2879 725 2924 e0,
777 2862 923 2932 qnod
953 2860 1180 2916 ,animus
1233 2859 1428 2913 altiora

349 2933 572 3005 cupiens
599 2931 774 2995 abest3
810 2929 1038 2983 alterum
1063 2930 1119 2981 in
1140 2947 1426 3010 aspernan-

352 3002 432 3056 dis
459 2999 691 3072 flagitiis.
763 2998 948 3068 Quare
975 3015 1091 3050 non
1128 3009 1252 3050 sans
1278 3007 1427 3050 recte

346 3070 510 3126 Roth.
556 3089 611 3141 p.
647 3068 715 3132 7.,
747 3066 1069 3137 haec-inter
1118 3085 1427 3138 synonyma

346 3138 613 3195 rettulisse
639 3135 876 3195 videtur.

419 3208 722 3261 incedebat.
803 3203 1068 3257 Nostrum
1116 3203 1424 3273 austreten.

348 3278 427 3333 οἱ.
456 3286 568 3329 not.
594 3273 658 3326 ad
688 3276 732 3337 1,
748 3272 833 3326 85.
858 3273 911 3325 h.
932 3289 983 3324 e.
1011 3273 1178 3336 oriri,
1213 3281 1274 3323 ut
1296 3271 1427 3326 infr.

349 3347 400 3410 3,
427 3345 511 3398 86.
552 3342 633 3401 15,
659 3341 741 3394 37.
812 3339 1064 3394 Ceterum
1097 3349 1147 3393 et
1177 3339 1267 3394 hie
1294 3350 1427 3395 vett.

352 3414 476 3467 edd.
502 3412 631 3465 dant
654 3410 936 3464 incidebat
945 3428 964 3471 ‚·
998 3409 1122 3463 edd.
1141 3407 1283 3480 Lips.
1306 3427 1427 3481 sqq.

349 3481 653 3536 incedebat.
721 3476 793 3531 cf.
819 3488 934 3531 not.
965 3481 1029 3531 ad
1060 3479 1110 3540 2,
1136 3479 1219 3529 55.

414 3563 747 3616 provenere.
828 3545 922 3600 Sic
962 3546 1086 3600 edd.
1128 3546 1270 3618 Lips.
1307 3565 1332 3598 s
1414 3583 1429 3598 .

345 3615 648 3686 provenire
673 3613 795 3668 edd.
826 3614 1077 3668 Beroald.
1106 3564 1426 3669 RheuA‘ffl.

349 3683 569 3758 Micyll.
600 3681 747 3756 quod
772 3701 831 3734 ae
874 3703 942 3736 ue
965 3683 1173 3735 bonum
1206 3694 1304 3735 est.

418 3754 616 3808 Solon.
687 3749 780 3804 Sic
807 3771 834 3804 e
878 3752 930 3803 d.
981 3751 1118 3805 Solo
1155 3751 1278 3806 cod.
1305 3751 1430 3806 MS.

352 3832 405 3879 et
424 3840 607 3905 nuper
628 3819 1000 3891 Kiesslingius.

419 3890 784 3958 religion-ibus
803 3898 857 3940 et
879 3891 1066 3942 divino
1094 3889 1232 3941 iure.
1266 3889 1433 3958 fHaec

431 3978 571 4030 oque
594 3956 756 4013 Roth.
788 3956 826 4010 Ι.
858 3957 895 4010 l.
936 3975 1239 4039 synonyma
1276 3958 1427 4011 dicit.

354 3981 554 4083 &ritm-
577 4044 704 4081 sane
730 4029 817 4078 ius·
851 4027 1106 4093 divinum
1142 4045 1172 4078 e
1208 4024 1430 4099 religio·-

356 4098 545 4159 nibu33
614 4104 897 4166 propterea
961 4104 1144 4147 tamen
1202 4104 1429 4165 utraque

357 4182 664 4247 synonyma
725 4181 840 4216 non
903 4162 1145 4216 dixerim.
1250 4162 1432 4216 Semel

357 4252 632 4287 monuisse
662 4232 920 4295 sufficiat,
956 4249 1069 4285 non
1102 4230 1283 4283 omnia
1317 4251 1433 4284 esse

358 4320 692 4372 synonyma,
755 4319 892 4371 quae
941 4311 1132 4356 natura
1190 4317 1282 4353 sua
1320 4310 1433 4354 arte

359 4370 650 4426 coniuncta
678 4387 791 4423 esse
816 4370 1009 4424 solent.
1090 4409 1095 4414 -
1158 4432 1163 4442 ,
1220 4377 1225 4382 “

1513 2948 1755 2998 aequum
1805 2946 1892 2981 ms
1935 2930 2342 3000 interpretatur:
2401 2952 2591 2993 „con-

1512 3016 1672 3051 sensu
1700 2997 1953 3050 ordinum
1981 2996 2414 3052 introductum.'’
2463 3002 2591 3053 Ma·

1516 3065 1714 3118 luerim
1775 3065 2000 3137 intelligi
2069 3064 2252 3135 legum
2309 3063 2450 3123 σῦστ
2535 3089 2591 3137 α,

1513 3152 1651 3208 quae
1722 3135 1989 3205 aequitate
2062 3134 2330 3188 nituntur.
2506 3159 2593 3191 am

1514 3222 1761 3271 aequum
1809 3206 1899 3255 ius
1936 3201 2232 3274 opponitur
2273 3204 2485 3260 iuribus
2522 3208 2595 3261 ita
2641 3231 2646 3236 ·

1515 3272 1688 3333 dictis,
1722 3288 1856 3340 quae
1887 3291 1982 3342 per
2011 3271 2127 3326 vim
2192 3284 2429 3327 arantur.
2500 3275 2595 3327 Fa·-

1514 3341 1608 3392 m’s
1658 3339 2033 3393 Freinshemio
2091 3292 2229 3393 uigil
2291 3342 2437 3396 aliud
2499 3353 2597 3408 est,

1554 3428 1678 3461 uam
1718 3419 2019 3461 extremum
2056 3418 2296 3482 tempus,
2346 3422 2407 3464 ut
2437 3432 2593 3485 supr.

1548 3518 1563 3541 ‚
1586 3477 1671 3531 34.
1701 3487 1753 3528 et
1778 3475 1905 3531 infr.
1938 3479 2019 3539 15,
2044 3477 2126 3531 50.
2197 3476 2339 3532 Cum
2364 3471 2593 3535 Freins-

1512 3543 1697 3599 hemio
1729 3547 1998 3599 consentit
2023 3545 2261 3600 Hillerus
2286 3547 2340 3601 in
2367 3547 2591 3603 Race‘m.

1514 3613 1601 3667 23.
1670 3612 1924 3667 Ernestio
1964 3626 2141 3668 autem
2172 3615 2293 3668 finis
2329 3616 2596 3698 accipitur

1518 3686 1585 3734 de
1614 3680 1957 3735 absolutione
1984 3693 2037 3734 et
2064 3682 2400 3754 perfectione
2440 3687 2592 3741 iuris.

1517 3750 1589 3803 cf.
1621 3749 1939 3805 Cic-Plane.
1971 3752 2053 3803 25.
2075 3789 2100 3814 ‚⁷
2130 3752 2223 3804 ubi
2262 3756 2597 3808 consulatus

1517 3818 1715 3872 dicitur
1735 3817 1874 3885 filiis
1910 3822 2191 3871 honorum
2221 3822 2437 3888 populi.
2513 3823 2593 3877 Id.

1515 3887 1690 3941 Tusc.'
1713 3888 1770 3949 2,
1808 3889 1855 3939 1.
1897 3887 1991 3940 ubi
2018 3889 2487 3956 finds-,sperandi
2518 3901 2597 3944 est

1516 3975 1809 4019 summum,
1844 3956 1992 4027 quod
2019 3956 2139 4025 quis
2158 3975 2376 4027 sperare
2398 3970 2595 4030 potest.

1515 4026 1723 4078 Verum
1765 4024 1830 4077 ad
1868 4031 2079 4096 tempus
2120 4026 2387 4097 respicere
2432 4045 2595 4080 voea-

1517 4093 1708 4147 bulum
1732 4093 1904 4162 fimls,
1952 4093 2078 4145 satis
2107 4103 2249 4166 patet
2279 4114 2339 4146 ex
2366 4095 2592 4167 opposi-

1517 4163 1614 4215 tis:
1676 4179 1818 4212 nam
1864 4171 2159 4214 secutae
2206 4164 2375 4228 leges.
2473 4163 2596 4218 Hoc

1517 4230 1620 4284 sibi
1647 4228 1795 4289 vult,
1832 4229 1975 4302 leges
2013 4239 2137 4310 post
2178 4230 2471 4285 duodecim
2510 4244 2592 4285 ta·
2623 4277 2630 4286 .

1517 4298 1772 4352 hularum
1797 4297 2201 4352 confectionem
2232 4307 2442 4353 secutas
2478 4319 2593 4353 non

1518 4367 1839 4439 pertinuisse
1887 4366 1954 4423 ad
1995 4384 2228 4436 aequum
2275 4366 2387 4428 ius,
2442 4367 2595 4422 illas-
