2794 5085
299 326 579 461 22:813&
789 322 1007 461 [ΠΒ.
1045 341 1180 417 ns.
1243 290 1413 414 ‘ci
1429 326 1510 417 Ρ.
1555 338 1681 417 53.
1724 317 1850 451 542
2287 316 2451 419 543

192 500 338 585 huc
379 500 747 571 iuventam
789 497 929 571 sibi
942 551 967 581 ‚
1009 518 1240 592 neque
1281 488 1481 571 aliud
1528 490 1776 590 'probis
1815 520 2032 591 quam
2056 522 2155 567 ex
2184 498 2445 585 matri-7.

190 598 458 679 monio*
491 599 858 675 solatium:
929 622 1077 668 esse
1119 600 1200 669 in
1240 600 1520 670 civitate
1549 650 1777 676 .....
1810 598 2222 683 Germanici
2263 622 2435 670 con-

113 698 134 721 ⁸
187 708 545 796 iugemac
569 702 834 772 liberos
865 701 1016 772 eius
1049 701 1360 794 recipere
1391 703 1874 791 dignarentur.
1979 701 2122 771 Sed
2154 698 2431 786 Caesar,

191 833 349 889 non
379 807 669 896 ignarus
696 818 1044 897 quantum
1073 827 1157 872 ex
1190 828 1268 873 re
1297 805 1585 895 publica
1614 817 2009 896 peteretur,
2060 827 2152 872 ne
2192 816 2432 897 tamen
2532 862 2535 869 .

190 907 617 985 offensionis
671 918 797 976 aut
848 920 1080 976 metus
1131 906 1549 977 manifestus
1607 907 1824 991 foret,
1884 906 2043 974 sine
2092 929 2428 996 responso

187 1032 620 1106 quanquam
636 1008 1015 1093 instantem
1040 1007 1353 1100 reliquit.
1457 1005 1543 1077 Id
1578 1030 1706 1098 ego
1733 1031 1777 1077 a
1804 1007 2264 1099 scriptoribus
2299 1031 2432 1077 an-

189 1115 473 1187 nalium
516 1135 670 1191 non
708 1109 1051 1179 traditum
1089 1109 1374 1200 repperi
1414 1109 1494 1178 in
1534 1110 2058 1189 commentariis
2091 1104 2429 1200 Agrippi-

191 1240 330 1289 nae
371 1213 602 1297 filiae,
648 1230 826 1304 quae
860 1208 1170 1280 Neronis
1209 1211 1555 1302 principis
1595 1224 1823 1281 mater
1862 1212 2086 1282 vitam
2125 1210 2326 1281 suam
2361 1224 2432 1281 et

192 1326 721 1395 casusfsuorum‘
747 1312 1047 1404 posteris
1073 1315 1521 1391 memoravit.
1940 1382 1943 1387 ,
2156 1394 2159 1395 7

391 1414 595 1490 LIV.
677 1413 1011 1489 Ceterum
1036 1413 1336 1485 Seianus
1377 1427 1814 1503 maerentem
1846 1428 1915 1486 et
1955 1408 2432 1504 improvidam

194 1519 411 1595 altius
436 1517 774 1611 perculit,
822 1514 1158 1587 immissis
1206 1518 1333 1609 qui
1374 1542 1504 1608 per
1542 1516 1845 1608 speciem
1883 1516 2233 1586 amicitiae
2274 1541 2431 1586 mo·-
2464 1594 2467 1599 ,

196 1635 452 1699 nerent
512 1632 840 1710 paratum
895 1618 959 1685 ei
1012 1636 1372 1700 venenum
1389 1673 1413 1702 ‚
1489 1619 1817 1718 vitandas
1883 1619 2107 1699 soceri
2168 1619 2430 1709 epulas.

139 1812 144 1819 ί
199 1721 437 1816 Atque
469 1723 604 1815 illa
661 1720 1198 1801 simulationum
1253 1720 1484 1799 nescia
1502 1770 1525 1803 ‚
1587 1745 1750 1791 cum
1791 1734 2080 1811 propter
2123 1720 2432 1803 discum-

157 1864 164 1869 ·
197 1828 429 1909 beret,
477 1848 628 1891 non
661 1822 863 1892 vultu
890 1837 1366 1891 aut‘sermone
1394 1822 1618 1906 flecti,
1668 1823 1909 1891 nullos
1943 1822 2285 1911 attingere
2325 1821 2430 1892 ci-

195 1930 362 2001 bos:
428 1928 655 1995 donec
697 1924 1000 1994 advertit
1044 1922 1413 2007 Tiberius»,
1477 1926 1659 1995 forte
1696 1949 1791 1993 an
1838 1925 2005 2017 quia
2044 1925 2430 1997 audiverat.

195 2018 416 2121 idque
454 2052 611 2121 equo
656 2025 888 2095 acrius
939 2025 1406 2116 experiretur,
1484 2050 1695 2117 poma
1737 2039 1818 2095 ut
1857 2040 2059 2095 erant
2111 2025 2431 2116 adposita

191 2133 498 2219 laudans
528 2128 746 2197 nurui
775 2152 900 2195 sua
937 2150 1160 2196 manu
1206 2127 1524 2199 tradidit.
1626 2141 1828 2197 aucta
1871 2151 1953 2196 ex
1995 2152 2076 2196 eo
2127 2125 2429 2216 suspicio

198 2228 638 2323 Agrippinae
695 2243 767 2317 et
821 2228 1083 2298 intacta
1136 2253 1259 2297 ore
1302 2230 1524 2298 servis
1567 2230 1891 2303 tramisit.
2006 2253 2140 2298 nec
2195 2244 2433 2303 tamen

201 2334 481 2404 Tiberii
506 2357 642 2413 vox
670 2354 911 2401 coram
945 2344 1216 2415 secuta,
1269 2332 1389 2398 sed
1434 2331 1775 2401 obversus
1812 2332 1904 2402 ad
1945 2344 2243 2400 matrem
2281 2353 2431 2398 non

199 2605 204 2610 ’
264 2611 390 2666 esse
425 2613 484 2664 in
518 2613 741 2664 civitate
776 2650 792 2665 .
818 2649 833 2664 .
862 2649 877 2663 .
904 2649 918 2663 .
952 2608 1277 2662 Germanici
1363 2611 1554 2663 Germ.
1582 2629 1628 2664 ο.
1662 2629 1730 2663 ac
1761 2612 1796 2663 t.
1828 2611 1929 2680 qm‘
1955 2612 2199 2677 recipere
2229 2597 2435 2675 'digna-

194 2695 301 2737 ete.
394 2679 665 2734 Lacunam
722 2699 837 2733 esse
878 2678 934 2730 in
976 2679 1102 2731 cod.
1144 2677 1270 2731 MS.
1356 2689 1579 2733 rentur.
1646 2679 1924 2732 Heinsius:
1958 2696 2073 2731 esse
2098 2681 2221 2732 inc.
2251 2689 2432 2742 tanta,

191 2754 340 2806 inter
379 2752 598 2802 civitate
636 2758 689 2800 et
724 2748 1055 2801 Germanici
1081 2747 1273 2817 prodi·
1396 2751 1457 2798 ui
1480 2748 1548 2800 G.
1578 2760 1679 2803 etc.
1750 2748 1890 2800 Eius
1933 2749 2135 2799 liberos·
2173 2746 2340 2801 refert
2367 2747 2432 2799 ad

194 2820 277 2876 dit
314 2818 576 2877 piebem,
638 2817 972 2885 eandemque
1017 2814 1270 2867 lacunam

191 2889 394 2944 habent
439 2886 559 2954 edd.
599 2883 849 2938 Beroald.
891 2903 1012 2954 sqq.
1110 2883 1274 2936 Varia

193 2958 302 3016 viri
331 2955 481 3009 docti
517 2954 582 3006 ad
621 2974 738 3006 eam
783 2952 1095 3023 explendam
1133 2970 1271 3004 con-

192 3029 390 3082 iecere.
488 3022 716 3075 Plurimi
761 3023 981 3074 volunt:
1044 3025 1178 3071 esse'
1212 3021 1272 3071 in

195 3096 448 3155 ciuitate,
496 3093 596 3159 qui
622 3091 947 3144 Germanici
969 3099 1071 3143 etc.
1114 3098 1173 3140 ut
1199 3088 1271 3139 ita

198 3163 347 3233 loqui
395 3161 638 3214 videatur
674 3160 741 3211 de
778 3155 933 3219 viris,
1017 3156 1071 3208 ui
1113 3175 1170 3209 se
1214 3156 1271 3207 in

197 3228 606 3286 matrimonium
662 3224 899 3297 cupiant.
1065 3226 1272 3279 rsinus=

198 3318 320 3354 esse
351 3300 409 3350 in
432 3298 659 3348 civitate
677 3304 974 3364 pateretur·
1002 3293 1069 3348 G.
1098 3313 1140 3346 c.
1171 3304 1273 3347 etc.

196 3366 508 3424 Acidalius:
560 3381 675 3416 esse
714 3366 775 3414 in
815 3364 1062 3426 civitate,
1110 3380 1274 3431 quern

200 3438 397 3491 Germ.
448 3435 735 3500 coniugem
783 3450 850 3484 ac
896 3434 1097 3483 liberos
1156 3429 1276 3482 eius

196 3504 829 3572 reciperefdzgvnaremr.
928 3500 1145 3554 Scilicet
1182 3501 1272 3550 di-

195 3581 475 3644 gnaretur
525 3581 603 3621 est
645 3569 787 3640 apud
819 3567 1068 3623 Beroald.
1108 3568 1271 3620 alios-

200 3662 306 3715 que
333 3650 465 3696 vett.
540 3638 776 3691 Pichena
816 3658 844 3690 e
870 3636 995 3690 eod.
1021 3634 1145 3689 MS.
1181 3655 1270 3687 re-

198 3711 369 3767 stituit
405 3708 800 3775 dz'gnarentur.
899 3705 990 3758 Fr.
1027 3704 1272 3757 Malher-

198 3781 321 3837 hius
345 3797 445 3849 pro
472 3777 533 3828 in
561 3777 780 3827 civitate
800 3773 913 3827 vult
944 3775 1002 3825 in
1029 3792 1099 3825 ea
1119 3781 1275 3825 aeta·

201 3859 257 3903 te
282 3868 340 3901 ea
385 3865 450 3898 ue
476 3846 634 3897 verba
661 3843 828 3896 refert
857 3843 921 3895 ad
948 3840 1274 3913 praeceden-

201 3919 294 3972 tia.
419 3933 512 3966 um
558 3931 656 3983 per
694 3913 761 3964 it:
816 3911 1274 3964 Germanici

202 3990 556 4053 dignaretur.
655 3933 860 4033 {odem
906 3978 1072 4032 modo
1112 3977 1272 4030 Peta-

200 4055 317 4107 vius
354 4053 544 4105 locum
580 4049 809 4120 accipit,
864 4048 1072 4102 retinet·
1092 4057 1275 4099 tamen

201 4128 258 4177 in
281 4122 545 4242 cupitate:
565 4162 570 4167 .
592 4136 754 4187 quam
789 4117 1158 4170 coniecturam
1186 4133 1274 4166 re-

242 4191 327 4245 etii
379 4187 637 4242 Moebius
673 4187 728 4238 in
764 4184 992 4237 Seebod.
1029 4182 1161 4236 bibl.
1196 4201 1273 4235 cr.

202 4214 356 4316 i820.
403 4276 488 4309 nr.
513 4257 602 4314 6..
643 4274 695 4325 p.
717 4254 837 4306 470.
909 4253 1012 4306 lac.
1052 4248 1277 4302 Grono-

204 4331 353 4389 viust
397 4327 515 4379 esse
543 4326 601 4376 in
628 4324 848 4376 ciuitate
865 4361 880 4384 ,
908 4320 1278 4396 <igr-immam

1358 2818 1371 2835 '
1409 2817 1672 2876 iberiu‘m,
1735 2836 1763 2869 a
1813 2834 1922 2884 quo
1966 2815 2249 2886 adoptatus
2290 2815 2433 2867 Ger-

1360 2884 1620 2938 manicus.
1707 2883 1971 2937 Hillerus:
2028 2885 2240 2937 nobiles
2279 2887 2433 2934 mul-

1360 2964 1474 3014 805,
1511 2955 1608 3019 qui
1632 2961 1736 3005 etc.
1807 2951 2074 3005 Cronius:
2153 2951 2435 3019 ui'Augu-
2474 2979 2481 2992 ·

1355 3025 1436 3073 sti
1452 3024 1678 3084 neptim.
1747 3020 1855 3073 Sed
1884 3021 2115 3082 maneat-
2144 3039 2315 3072 acuna
2341 3040 2432 3091 po-

1358 3090 1466 3142 tius
1499 3108 1660 3160 quam
1696 3100 1758 3142 ut
1791 3087 1990 3141 frustra
2027 3089 2334 3142 laboremus
2374 3088 2431 3141 in

1358 3178 1419 3210 ea
1459 3157 1731 3229 explenda.
1817 3155 2032 3225 Quodsi
2080 3156 2274 3210 lacuna
2318 3176 2432 3220 nou

1360 3236 1493 3279 esset
1533 3225 1774 3297 prodita,
1826 3226 2021 3289 verba,
2069 3244 2206 3296 quae
2247 3245 2432 3296 super·

1359 3306 1515 3358 sunt,
1584 3295 1876 3349 coniuncta
1920 3303 2102 3365 aptam
2159 3293 2435 3349 efficerent

1358 3363 1704 3416 senteutiam.
2284 3405 2289 3416 2

1431 3433 1566 3486 CAP.
1594 3430 1677 3486 54.
1743 3435 2029 3484 nonvultu
2053 3439 2157 3483 aut
2179 3447 2436 3484 sermone

1342 3501 1518 3570 flecti.
1613 3498 1681 3552 H.
1718 3519 1765 3553 e.
1811 3518 1973 3552 nemo
2021 3508 2114 3564 aut
2151 3498 2307 3552 vultu
2344 3509 2434 3553 aut

1358 3587 1613 3621 sermone
1638 3567 1788 3621 illam
1815 3567 2030 3621 flectere
2058 3567 2235 3640 potuit
2263 3588 2338 3622 se.
2366 3570 2433 3623 ab
2498 3633 2503 3640 „
2543 3611 2551 3618 .

1360 3657 1421 3690 ea
1461 3637 1537 3688 ira
1577 3647 1630 3689 et
1666 3635 2068 3706 indignatione,
2102 3654 2264 3707 quam
2307 3657 2434 3708 prae

1360 3725 1418 3757 se
1486 3705 1690 3756 serebat
1754 3704 2171 3757 simulationum.
2232 3706 2429 3757 nescia.

1360 3774 1607 3844 Namque
1648 3771 1870 3825 fuerunt
1911 3772 2050 3824 haud
2097 3772 2287 3835 dubie,
2340 3774 2432 3843 qui

1336 3843 1567 3894 'nollent
1606 3840 1890 3893 Tiberium
1929 3840 2158 3903 offendi,
2209 3851 2260 3894 et
2301 3861 2435 3913 pro-

1357 3922 1539 3980 pterea
1581 3919 1633 3962 et
1668 3911 1823 3963 vultu
1857 3918 1910 3961 et
1934 3928 2186 3976 sermone
2211 3928 2436 3981 operam

1360 3979 1578 4037 darent,
1614 3989 1671 4030 ut
1700 3977 1980 4031 flecterent
2008 3978 2250 4031 animum
2281 3978 2433 4030 fero-

1362 4067 1499 4099 cem.
1611 4044 1967 4102 Germanice:
2041 4064 2216 4113 gagen
2260 4044 2434 4110 jeden

1361 4116 1550 4176 Blick,
1579 4114 1708 4177 jede
1734 4115 1886 4170 Reae
1913 4117 2270 4183 unbeugsam.

1431 4201 1538 4234 sua
1563 4201 1756 4237 manu.
1831 4181 1968 4236 Edd.
1996 4183 2122 4236 Ber.
2152 4184 2270 4236 Alc.
2296 4200 2434 4235 suae

1364 4268 1574 4315 manu,
1621 4252 1767 4322 quod
1796 4250 2021 4304 'Victon
2055 4250 2113 4304 in
2149 4271 2270 4308 s.e.
2305 4268 2435 4303 cor-
2475 4295 2478 4299 Α

1369 4322 1502 4376 rexit
1529 4337 1666 4385 sua,
1698 4331 1752 4373 et
1778 4320 1848 4380 ita
1877 4318 2000 4373 edd.
2027 4318 2202 4374 Rhcn.
2235 4336 2351 4392 sqq.
