2794 5085
290 322 364 372 Ἃ.
384 324 450 369 U.
469 323 576 369 723.

298 385 361 425 A.
386 377 443 421 C.
497 377 573 420 31.

988 278 1295 399 nuri

1378 318 1723 397 CAR1.
2251 272 2269 285 ⁹
2392 332 2442 405 ε

196 482 353 563 luit.
408 512 567 557 non
587 482 901 569 Cinnae,
949 500 1103 550 non
1127 479 1373 551 Sullae
1408 478 1622 569 longa
1651 478 2044 552 dominatio
2059 532 2080 567 ‚
2131 496 2208 559 et,
2223 479 2448 553 Pom..

180 591 338 688 ‘peii
380 588 761 681 Crassique
802 585 1121 679 potentia
1162 583 1300 652 cito
1360 582 1436 650 in
1478 579 1879 668 Caesarem,
1937 581 2195 676 Lepidi
2232 599 2442 680 atque

196 691 504 768 Antonii
544 711 741 761 arma
775 688 856 756 in
894 686 1298 776 Augustum
1338 707 1639 770 cessere,
1700 686 1828 779 qui
1874 692 2124 757 cuncta
2173 689 2441 762 discor-

196 800 333 869 diis
368 795 702 865 civilibus
733 791 915 861 fessa
953 789 1244 858 nomine
1280 786 1622 879 principis
1657 789 1804 857 sub.
1827 783 2206 881 imperium
2247 816 2442 862 acce-
2495 824 2500 830 ’

172 902 329 995 pit.
451 897 597 968 Sed
650 894 906 964 veteris
950 891 1202 983 populi
1235 888 1553 961 Romani
1596 914 1931 982 prospera
1975 892 2091 962 vel
2145 894 2439 965 adversa

196 1001 406 1073 claris
454 996 917 1090 scriptoribus
962 1006 1349 1093 memorata
1397 1004 1596 1077 sunt:
1668 994 2241 1090 temporibusque
2280 991 2439 1081 Au-
2479 1055 2488 1063 ,

194 1105 384 1197 gusti
434 1100 757 1171 dicendis
803 1120 955 1165 non
1011 1096 1296 1165 defuere
1345 1095 1600 1163 decora
1641 1095 1962 1189 ingenia,
2029 1098 2254 1168 donec
2303 1099 2444 1190 gli..

198 1219 434 1277 scente
508 1192 919 1273 adulatione
980 1199 1530 1275 deterrerentur.

1670 1195 1952 1268 Tiberii
2009 1196 2302 1295 Caiique
2367 1215 2441 1289 et
2510 1195 2527 1212 ⁹

190 1307 487 1384 Claudii
564 1330 649 1375 ac
703 1299 1010 1373 Neronis
1088 1318 1203 1371 res
1280 1298 1722 1416 florentibus
1767 1300 1940 1394 ipsis
1998 1302 2098 1373 ob
2166 1316 2438 1375 metum
2481 1328 2488 1341 ·

196 1518 286 1560 tur
323 1504 586 1574 potestas
635 1500 900 1581 (ἐξουσία)
947 1497 1278 1553 decemvira-

195 1576 257 1629 lis
293 1584 422 1646 post
463 1570 745 1625 biennium
782 1568 969 1631 des1i13
1003 1586 1146 1619 anno
1178 1577 1278 1619 ter·

194 1646 271 1699 tio
304 1648 669 1714 *privatorum
719 1639 794 1690 vis
842 1655 959 1690 rem
1002 1635 1276 1707 publicam

195 1712 465 1785 oppressit
506 1726 802 1778 rerumque
834 1705 910 1758 illi
948 1704 1101 1775 potiti
1151 1714 1278 1756 sunt

198 1784 309 1836 sine
365 1786 651 1849 potestate.
757 1774 872 1828 Iam
915 1773 980 1827 P.
1017 1772 1277 1828 Scriverii

198 1849 457 1904 sententia
480 1843 983 1915 supersedebimus,
1019 1862 1126 1913 qua
1148 1861 1273 1895 cen·

198 1921 343 1973 sebat
387 1928 679 1982 utramque
730 1922 1141 1968 controversam
1180 1929 1274 1964 vo·

200 2008 314 2042 cem
346 2005 462 2040 esse
493 1982 603 2036 rele
641 1980 890 2035 andam-⁸

267 2056 481 2108 Sullae.
623 2069 724 2103 anc
763 2048 868 2103 scri
910 2058 1087 2102 turam
1123 2067 1275 2119 prae-

118 2126 121 2131 '
202 2126 379 2179 ferunt
408 2121 534 2176 edd.
562 2118 814 2173 Beroald.
899 2117 1090 2170 henan.
1120 2117 1274 2169 aliae·

213 2213 311 2264 que
360 2200 488 2246 vett.
543 2190 600 2242 iu
654 2187 804 2239 libris
847 2186 1139 2239 Annalium
1189 2202 1277 2237 sex

212 2262 504 2334 prioribus,
544 2259 684 2311 duce
711 2253 874 2308 Msto
903 2255 1089 2307 unico.
1141 2253 1275 2306 Inde

149 2344 158 2359 ”
206 2351 234 2384 a
262 2331 393 2383 libro
417 2327 710 2382 undecimo
736 2323 857 2376 edd.
879 2321 1309 2383 Put.'Beroald.³·

200 2398 371 2453 Riien.
422 2397 671 2451 scribunt
722 2394 914 2461 Sylla,
987 2388 1074 2444 ed.
1128 2390 1166 2443 S
1208 2391 1272 2444 ir.

235 2470 513 2538 lerumque
551 2463 718 2516 Silla.
807 2461 914 2514 Sed
954 2460 1081 2514 MS.
1120 2459 1166 2513 F
1191 2476 1271 2515 or.

193 2488 538 2608 li1.Langob.
580 2547 686 2586 scr.
726 2531 815 2584 ubi
860 2551 925 2584 ue
967 2530 1081 2585 fere
1116 2531 1275 2585 habet

194 2606 381 2661 Sulla.
456 2604 529 2658 cf.
561 2610 677 2654 not.
702 2600 769 2653 ad
800 2603 826 2654 1
858 2609 880 2664 ',
911 2599 997 2654 22.

260 2676 492 2727 nomine
523 2671 802 2739 principie.
880 2667 1182 2737 Quomodo
1217 2667 1273 2721 id

192 2744 432 2797 nominis
460 2751 651 2794 nactus
680 2738 763 2800 sit,
795 2739 914 2791 vide
942 2738 1083 2810 apud
1101 2736 1274 2791 Dion.

184 2807 273 2876 ²53,
305 2818 359 2867 1.
448 2810 610 2878 Quae
649 2807 716 2861 sit
753 2807 867 2860 eius
904 2808 1137 2860 nominis
1178 2807 1273 2869 vis,

189 2883 459 2936 docemur
487 2877 629 2950 apud
657 2876 889 2929 eundem
913 2876 1083 2929 Dion.
1108 2875 1193 2937 67,
1217 2875 1271 2928 8.

192 2944 503 3024 Πρόκριτός
554 2964 612 2999 τε
650 2949 745 3013 τῆς
789 2949 1085 3030 γερουσίας
1131 2942 1272 2997 κατὰ

190 3020 252 3076 τὸ
312 3019 558 3090 ἀρχαῖον
609 3013 925 3084 ὦνομαζετο

186 3093 279 3146 καὶ
303 3083 573 3145 πολλάκις
596 3102 662 3154 γε
690 3084 908 3154 ἔλεγεν,
949 3104 1035 3138 οτι
1061 3084 1274 3167 δειζπο-
1306 3131 1310 3144 ,

185 3181 280 3228 της
316 3160 430 3231 μὲν
474 3159 587 3208 τῶν
622 3152 873 3221 δούλων,
916 3152 1274 3240 αὖτοκρατωρ

186 3231 249 3284 δὲ
274 3232 390 3282 τῶν
413 3227 789 3295 στρατιωτῶν,
821 3225 938 3278 τῶν
962 3224 1026 3278 δὲ
1054 3223 1126 3291 δη
1152 3224 1272 3276 λοι-

185 3302 312 3354 πῶν
338 3289 640 3367 πρόκριτός
672 3298 806 3416 sige.

253 3368 460 3421 veteris
484 3366 684 3432 populi
767 3362 978 3415 omani.
1053 3364 1269 3414 vertra-

188 3438 308 3492 nius
338 3433 580 3491 coniecit
608 3432 855 3486 traiectas
883 3451 995 3484 esse
1027 3441 1181 3484 notas
1201 3449 1265 3499 p.

185 3525 236 3562 r.
269 3516 430 3577 atque
467 3501 825 3556 restituendas
856 3501 961 3554 sic:
1002 3518 1054 3552 r.
1083 3519 1175 3565 p..
1208 3509 1271 3552 ut

186 3575 492 3645 significent
524 3572 614 3624 rei
646 3569 918 3636 publicae.
990 3569 1130 3622 Nam
1172 3586 1268 3644 po·

172 3645 375 3717 'pulum
414 3642 734 3694 Romanum
791 3649 910 3692 tum
962 3639 1138 3698 adhuc
1175 3657 1264 3690 su·

185 3714 461 3784 perstitem
488 3708 830 3778 eundemque
853 3707 1151 3779 nequivisse
1162 3706 1267 3762 Ta·

184 3784 290 3837 cito
313 3781 424 3834 dici
450 3790 715 3834 veterem.
767 3775 843 3829 At
867 3775 1113 3829 codicem
1140 3773 1264 3828 MS.

184 3851 390 3921 integro
440 3848 611 3901 verbo
662 3844 862 3897 babere
906 3845 1104 3913 populi
1138 3846 1264 3897 Ro-

188 3920 345 3972 mani
392 3926 627 3972 testatur
674 3912 937 3988 Pichena,
1003 3912 1264 3967 defendit-

168 3979 284 4060 ”que
323 3987 609 4056 vulgatam
650 3983 892 4052 exemplo
925 3983 1035 4036 An.
1063 3985 1143 4045 11,
1172 3983 1283 4035 24„

182 4058 269 4112 ubi
303 4068 412 4111 est:
464 4052 657 4122 priori
681 4053 909 4117 populo.
995 4050 1263 4105 satisfecit

179 4126 466 4187 ErnestiO,
491 4139 676 4193 neque
707 4138 836 4173 vero
852 4119 1102 4175 Wolfio.
1167 4118 1262 4173 Sa-

179 4197 241 4249 tis
280 4206 468 4250 tamen
509 4189 784 4263 plerisque
831 4188 989 4242 hodie
1035 4207 1261 4259 persua-

177 4285 292 4318 sum
326 4274 439 4321 est,
480 4257 825 4330 argutiorem
851 4258 963 4311 ess‘e
994 4257 1260 4313 Vertranii

174 4336 515 4408 opinionem.
597 4326 741 4379 Nam
771 4324 812 4377 si
841 4329 1001 4393 prior
1023 4329 1264 4395 populus

1038 3015 1287 3098 iberius),

1364 1505 1511 1550 recte
1542 1496 1757 1561 dicitur,
1785 1516 1901 1551 non
1927 1497 2154 1555 dubium
2182 1511 2277 1561 est,
2309 1521 2435 1556 eun·

1365 1566 1491 1618 dem
1521 1565 1626 1619 dici
1658 1586 1814 1638 posse
1858 1578 2136 1628 veterem,
2174 1566 2438 1652 quoniam

1364 1643 1522 1687 vetus
1550 1635 1813 1705 significat
1839 1636 1922 1699 id,
1957 1637 2104 1708 quod
2135 1650 2283 1710 prius
2311 1640 2434 1693 fuit.

1361 1703 1507 1757 Hinc
1541 1704 1850 1774 promiscue
1878 1717 2062 1759 utrum
2106 1726 2170 1759 ue
2198 1710 2436 1763 vocabu·

1361 1771 1478 1825 lum
1541 1772 1841 1829 adhibetur.
1939 1774 2010 1828 ef.
2118 1775 2238 1829 acit.
2298 1777 2435 1848 Agr·

1328 1840 1414 1895 “c.
1454 1839 1541 1895 33.
1606 1841 1758 1906 Ergo
1796 1846 2004 1908 egressi
2041 1862 2143 1910 ego
2186 1854 2436 1898 veterum

1359 1913 1675 1976 legatorum
1690 1949 1707 1977 ‚
1769 1928 1869 1964 vos
1912 1915 2171 1978 priorum
2214 1915 2438 1966 exerci-

1360 1989 1523 2031 tuum
1562 1981 1831 2033 terminos
1877 1993 1979 2034 etc.
2074 1980 2144 2034 Et
2190 1986 2437 2050 populus

1360 2047 1660 2100 Romanus
1700 2049 1755 2100 in
1790 2049 1879 2102 tali
1916 2050 2153 2103 formula
2196 2071 2307 2104 non
2357 2064 2438 2107 est

1399 2135 1530 2168 enus
1572 2115 1859 2170 hominum
1893 2117 2300 2183 Romanorum,
2339 2121 2435 2174 sed

1416 2184 1625 2252 omani,
1701 2186 1795 2256 qui
1859 2195 2091 2240 veterem
2161 2189 2435 2243 civitatem

1361 2254 1779 2308 constituebant.
1888 2254 1940 2308 Is
1993 2256 2228 2327 populus
2260 2257 2435 2327 ⁸desiit

1360 2321 1645 2391 ingruente
1699 2321 1990 2377 Caesarum
2041 2324 2430 2379 dominatione.

1359 2390 1428 2513 dli
1420 2400 1539 2442 etus
1571 2395 1812 2463 populus
1838 2390 2058 2447 Graecis
2091 2403 2178 2447 'est
2222 2390 2251 2449 ὃ
2288 2395 2435 2450 ποτὲ

1481 2477 1557 2519 ος.

1399 2479 1863 2585 ”geter-reantur.
1952 2528 2163 2603 Lipsius
2202 2531 2435 2587 malebat

1356 2601 1751 2666 deleret-entur
1776 2602 2075 2654 secundum
2101 2589 2238 2654 Hist.
2265 2604 2315 2665 2,
2339 2602 2427 2656 76.

1357 2668 1609 2722 Adsentit
1625 2667 2019 2740 ¹Wopkensius
2048 2680 2099 2723 et
2124 2669 2432 2725 Hert-maun

1355 2734 1531 2790 Iustus
1550 2738 1604 2790 in
1626 2737 1831 2791 dissert.
1849 2742 1920 2790 de
1923 2740 2049 2807 fide
2065 2737 2259 2792 Taciti.
2276 2740 2430 2794 1827.

1355 2826 1412 2878 p.
1446 2804 1529 2858 13.
1613 2805 1877 2871 Piehena,
1927 2807 2044 2860 Iob.
2084 2807 2177 2862 Fr.
2213 2805 2430 2861 Grono-

1356 2876 1491 2934 vius,
1517 2875 1912 2929 Freinshemius
1935 2886 1987 2929 et
1998 2875 2258 2930 Wolfius
2282 2889 2430 2931 recte

1397 2943 1672 2997 raeferunt'
1758 2945 2032 3027 vulgatam
2114 2945 2427 3000 lectionem.

1410 3027 1500 3064 am
1536 3010 1770 3066 adulatio
1812 3015 2041 3085 gliscens
2080 3031 2193 3066 non
2235 3016 2307 3067 ita
2336 3035 2427 3070 va·

1356 3082 1430 3134 let
1457 3081 1514 3133 in
1544 3080 1929 3135 detrimentum
1969 3101 2132 3153 quam
2160 3083 2216 3135 in
2245 3092 2428 3136 terro-
2495 3090 2499 3096 '

1356 3169 1492 3220 remG
1523 3150 1896 3219 ingeniorum,
1931 3151 2186 3221 quoniam
2230 3152 2427 3207 decora

1355 3218 1568 3289 ingenia
1608 3218 1676 3271 ad
1718 3217 2082 3284 adulationem
2129 3231 2184 3272 se
2239 3220 2427 3274 demit-

1355 3298 1469 3341 tere
1508 3288 1731 3350 nolunt,
1792 3288 1906 3340 sine
1947 3287 2252 3342 adulatione
2297 3290 2425 3358 scri·

1354 3358 1484 3410 bere
1537 3356 1906 3427 periculosum
1958 3367 2053 3409 est.
2161 3356 2425 3412 Nostrum

1353 3444 1579 3479 suorum
1632 3435 1948 3498 temporum·
1995 3425 2250 3502 felicitas,
2329 3428 2426 3481 ubi

1352 3494 1579 3558 sentire,
1627 3513 1763 3563 quae
1802 3495 1991 3557 vellet,
2042 3504 2095 3548 et
2130 3514 2269 3566 quae
2306 3515 2424 3549 sen-

1352 3563 1505 3627 tiret,
1543 3563 1719 3618 dicere
1744 3562 1954 3627 liceret,
1983 3562 2052 3616 ad
2078 3565 2427 3618 scribendum
2518 3600 2524 3608 -

1352 3633 1628 3686 excitabat.
1699 3632 1771 3686 cf.
1800 3627 1937 3685 Hist.
1974 3636 2019 3697 1,
2048 3635 2097 3686 1.
2188 3632 2264 3687 Ita
2293 3652 2424 3687 con-

1351 3703 1520 3767 traria
1556 3711 1864 3772 temporum
1905 3702 2043 3754 ratio
2082 3701 2424 3773 ingenia*de·

1348 3771 1605 3823 terrebat.
1700 3768 1786 3823 De
1831 3768 2142 3824 difficultate
2186 3771 2434 3826 scriben->

1351 3839 1449 3891 dae
1484 3838 1877 3910 imperatorum
1916 3838 2169 3892 historiae
2207 3839 2281 3893 of.
2310 3838 2423 3892 Dio

1349 3906 1435 3970 53,
1464 3907 1546 3960 19.
1619 3907 1760 3960 Plin.
1792 3926 1819 3960 e
1860 3928 1913 3979 p.
1954 3907 2079 3971 3,5.
2167 3911 2170 3912 ⁷

1417 3978 1679 4030 Neronis.
1740 3925 2041 4047 effloseph.
2058 3976 2246 4047 Antiq.
2267 3977 2352 4037 20,
2367 3975 2418 4030 8.

1346 4047 1545 4099 πολλοὶ
1580 4045 1690 4115 γὰρ
1730 4043 1831 4110 τὴν
1867 4050 1995 4118 περὶ
2017 4047 2249 4117 Νέρωνα
2273 4061 2424 4099 συν-

1345 4112 1641 4202 τετάχαστιν
1667 4118 1947 4200 ἱστορίοξν·
2003 4105 2084 4199 “23'‘
2115 4118 2169 4168 οἱ
2191 4115 2299 4186 μὲν
2327 4111 2423 4168 διὰ

1384 4202 1511 4255 αριν
1535 4202 1596 4237 ευ
1625 4188 1970 4244 πεπονθοτες
2009 4183 2098 4237 vn'
2128 4182 2301 4238 αὐτοῦ
2329 4185 2423 4250 τῆς
2501 4224 2508 4234 ,

1345 4257 1608 4322 αληθείας
1643 4253 1955 4327 ἠμέλησαν,
2012 4256 2065 4307 οἱ
2106 4253 2168 4308 δὲ
2198 4251 2292 4306 διὰ
2316 4257 2421 4323 μῖ-

1345 4340 1443 4384 σος
1482 4326 1576 4376 καὶ
1613 4321 1728 4391 τὴν
1748 4322 1888 4396 πρὸς
1917 4320 2091 4377 αὐτὸν
2114 4321 2422 4393 ἀπέχθειαν

1640 4397 1704 4466 Α
1759 4404 1809 4472 2
