2794 5085
930 288 1652 423 PRAEFATIO.
1707 408 1714 415 .
1771 314 1790 329 ”
1929 437 1930 440 ¹
1991 290 1996 295 —
2135 452 2144 461 Δ
2233 368 2408 465 *xus

185 498 347 568 non
392 496 559 567 satis
613 492 918 571 fidebam
968 484 1181 567 libris
1222 500 1360 568 alia
1410 501 1872 570 suadentibus
1901 503 2025 570 1vel
2068 505 2233 596 quia
2284 524 2398 576 res

182 617 329 673 erat
370 602 577 692 parvi
618 602 984 675 momenti.
1064 600 1400 693 Saepius
1440 603 1873 693 suspiciones
1903 606 1992 674 de
2025 601 2138 673 his
2166 608 2398 679 illisve

114 724 120 731 ’
182 704 352 774 locis
401 717 638 772 motae
682 705 978 773 rectiore
1020 718 1298 781 tantum
1343 709 1727 793 verborum
1771 692 2235 800 explicatione
2276 725 2398 785 aut

181 809 669 901 membrorum
701 806 1154 877 distinctione
1181 810 1510 899 poterant
1539 790 1724 882 tolli.
1929 872 1934 883 ‚

380 906 890 979 Adnotationis
929 932 1091 979 eum
1134 913 1430 980 modurn
1472 911 1828 1004 usurpavi
1831 962 1852 997 ,
1913 927 1993 983 ut
2036 914 2401 997 brevitatis

166 1013 411 1082 *studio
474 1012 859 1081 iudicium
879 1014 1229 1082 leviorum
1286 1036 1525 1083 rerum
1581 1012 2082 1108 relinquerem
2110 1011 2400 1087 doctum*

88 1130 93 1133 ’
178 1136 389 1207 penes
419 1114 760 1184 lectorem
794 1129 861 1185 et
905 1116 1083 1184 locis
1119 1115 1643 1186 difficilioribus
1693 1130 1763 1186 et
1802 1120 2069 1186 vexatis
2118 1132 2402 1190 tantum

176 1216 507 1287 uberiore
556 1232 794 1286 uterer
834 1218 1331 1310 disputatione.
1436 1217 1686 1293 Multa,
1708 1243 1886 1313 quae
1919 1218 2276 1310 pertinent
2308 1225 2399 1291 ad

176 1318 550 1389 latinitatis
586 1320 812 1408 legem
843 1333 911 1389 et
946 1320 1417 1390 elocutionem
1435 1319 1671 1391 Taciti
1700 1336 2147 1392 reservantur
2177 1323 2402 1394 indici

176 1422 733 1505 vocabulorum,
794 1423 922 1516 qui
951 1424 1205 1515 quinto
1241 1418 1456 1492 huius
1497 1412 1829 1493 editionis
1866 1424 2234 1494 volumine
2282 1452 2402 1505 ex-
2443 1428 2455 1445 ⁸

174 1518 564 1596 hibebitur.
654 1523 1015 1602 Iudicem
1032 1548 1315 1619 rerum,
1378 1551 1557 1619 quae
1595 1527 1672 1594 in
1705 1528 2228 1596 commentariis
2257 1543 2405 1599 tra-

173 1628 495 1719 cta‘ntur‚
545 1626 625 1694 in
666 1628 848 1695 calce
897 1627 1221 1720 quartiv
1178 1629 1562 1700 voluminis
1600 1629 1846 1748 posui,
1904 1644 1986 1700 ut
2020 1630 2402 1701 lectoribus

171 1732 633 1822 praeberetur
680 1744 1098 1822 ⁴conspectus
1149 1731 1361 1799 molis
1417 1731 1697 1801 criticae
1754 1732 1836 1799 in
1899 1727 2031 1800 hac
2087 1733 2402 1804 editione

170 1846 564 1951 congestae:
682 1828 1016 1933 Ceterum
1073 1833 1150 1902 id
1198 1834 1364 1905 satis
1421 1833 1736 1903 intellexi
1793 1858 1940 1902 uno
1998 1829 2156 1904 hoc
2186 1860 2396 1906 cursu
2510 1923 2520 1932 ἡ

173 1960 313 2004 ιιοιι
350 1934 672 2038 potuisse
708 1936 946 2004 omnia
987 1935 1296 2024 absolvi,
1339 1960 1519 2028 quae
1558 1936 1637 2003 in
1667 1933 1902 2005 Taciti
1935 1936 2139 2006 libris
2170 1953 2399 2008 essent
2433 2016 2435 2019 v

174 2039 640 2109 retractanda.
761 2036 1157 2128 Supersunt
1203 1990 1326 2106 alii
1386 2039 1558 2106 libri
1618 2051 1924 2106 veteres-
1948 2038 2396 2130 inspiciendi,

182 2152 554 2230 supersunt
598 2139 738 2207 loci
786 2141 997 2208 etiam
1043 2164 1237 2208 nunc
1282 2141 1713 2209 accuratiore
1749 2138 2198 2246 indagatione
2236 2167 2400 2253 per-

184 2242 558 2315 lustrandi.
615 2239 854 2329 Quare
890 2256 956 2311 et
988 2242 1065 2310 in
1096 2257 1461 2332 posterum
1491 2220 1677 2311 dabo
1711 2266 2033 2333 operam,
2064 2257 2180 2326 ut,
2216 2248 2396 2336 quae
2453 2333 2460 2337 ἱ
2546 2263 2550 2267 ·

185 2342 402 2413 Taciti
435 2343 874 2413 amatoribus
900 2345 1265 2435 placeant,
1293 2345 1371 2411 in
1399 2345 1631 2413 lucem
1663 2347 2056 2435 proferam,
2092 2346 2150 2416 si
2180 2348 2399 2416 modo

178 2447 432 2516 talibus
464 2444 719 2514 officiis
753 2446 1052 2515 idoneus
1087 2446 1409 2520 videbor.

378 2549 442 2643 ξ.
481 2546 742 2623 39:411
775 2570 853 2617 re
887 2545 1432 2641 orthographica
1470 2538 1932 2619 recentissimi
1975 2550 2344 2650 editores
2322 2579 2399 2622 ιιι
2471 2625 2480 2634 ,

173 2647 688 2721 diversissimas
740 2652 1206 2736 discesserunt
1265 2667 1518 2743 partes.
1648 2647 1801 2722 Alii
1848 2653 1954 2722 id
1981 2669 2237 2742 agunt,
2317 2670 2399 2726 ut

173 2779 387 2847 quam
446 2752 986 2843 diligentissime
1045 2767 1380 2824 revocent
1433 2754 1966 2873 etymologicam
2015 2756 2404 2827 verborum

170 2858 478 2925 formam
544 2856 1035 2952 retineantque
1094 2858 1447 2947 genuinas
1499 2855 2102 2949 praepositionum
2160 2861 2398 2929 verbis

166 2960 638 3076 praefixarum
689 2959 1005 3042 litteras,
1070 2974 1149 3029 ut
1192 2953 1706 3051 adsimulare,
1770 2950 2188 3046 adsumere,
2255 2957 2399 3031 ad·-
2477 3025 2480 3026 γ

169 3058 393 3141 scire,
460 3055 801 3142 adsum,
834 3056 1069 3160 adsui
1110 3076 1180 3130 et
1227 3062 1396 3131 talia
1446 3072 1938 3155 quaecunque.
2045 3058 2232 3142 Alfi
2243 3089 2399 3134 ma-

170 3165 331 3233 lunt
386 3165 701 3253 abigere
726 3165 991 3233 formas
1053 3163 1213 3232 illas
1276 3176 1357 3233 ut
1418 3164 1741 3233 duriores
1798 3177 2008 3255 atque
2062 3167 2401 3256 adoptare

169 3266 463 3338 mollius
511 3266 864 3335 scribendi
911 3269 1170 3356 genus,
1232 3291 1373 3358 quo
1411 3265 1660 3336 ultima
1695 3262 2235 3360 praepositionis
2276 3268 2398 3339 lit-2

170 3383 316 3439 tera
356 3368 827 3438 adsimuletur
862 3368 1228 3487 principio·
1246 3369 1471 3441 verbi.
1577 3366 1817 3456 Quare
1844 3368 2165 3441 scribunt
2196 3369 2395 3440 assi-

170 3468 503 3556 malm-e,
579 3493 987 3556 assumere,
1066 3469 1338 3553 ascire,
1419 3495 1712 3551 assum,
1761 3461 1996 3590 affui
2039 3487 2165 3546 etc.
2273 3471 2395 3543 Hi

126 3557 140 3578 ⁸
171 3588 494 3645 auctores
529 3568 794 3645 hahent
835 3573 1108 3643 codices
1138 3572 1388 3645 MStos
1419 3572 1829 3643 recentiorls
1871 3574 2114 3643 aetatis
2148 3588 2213 3643 et
2231 3572 2392 3645 Pu-

172 3678 534 3747 teolanum
583 3692 652 3745 et
692 3677 994 3745 editores
1030 3675 1235 3744 illum
1271 3685 1563 3749 secutos,
1645 3673 1790 3744 1Πί
1837 3676 2104 3744 maiore
2150 3693 2393 3747 aucto·-

172 3780 377 3849 ritate
428 3779 758 3848 codicum
794 3776 1377 3850 Florentinorum
1430 3778 1782 3850 nituntur.
1883 3769 2069 3846 Nam
2114 3793 2183 3848 et
2234 3784 2389 3854 cod.
2493 3775 2498 3776 ἶ

172 3878 361 3950 Flor-
396 3878 747 3950 Corbeiae
788 3887 1106 3998 repertus
1142 3895 1210 3949 et
1241 3882 1395 3950 eod.
1425 3878 1619 3952 Flor.
1653 3877 1787 3962 litt'.
1826 3876 2047 3969 Lang.
2092 3881 2394 3973 scriptus

173 4005 321 4051 eam
354 3982 717 4052 scribendi
752 3983 1101 4051 rationem
1136 3982 1467 4070 retinent.
1566 3979 1778 4054 Unde
1819 3981 2082 4054 factum
2123 3997 2258 4067 est,
2306 4000 2390 4055 ut
2495 3995 2502 4000 ”

172 4069 569 4155 Beroaldus
608 4100 677 4155 et
719 4085 1169 4177 sequentium
1203 4086 1316 4154 ed
1296 4099 1558 4155 lterum
1565 4083 1936 4186 quidam
1913 4107 1994 4152 ιιι
2028 4083 2388 4175 prioribus

172 4181 569 4258 Annalium
623 4186 826 4255 libris
889 4188 978 4254 ad
1040 4187 1253 4255 fidem
1311 4187 1571 4256 codicis
1621 4184 2022 4264 Florentini
2076 4186 2388 4277 primum
2543 4241 2556 4255 ,

173 4291 373 4360 editis
424 4289 642 4359 aliam
699 4309 987 4404 prorsus
1045 4273 1623 4400 orthographiam
1673 4302 2132 4386 sequerentur
2174 4311 2386 4382 quam
2411 4289 2418 4290 ⁷
2443 4350 2452 4376 „
