2794 5085
441 355 590 425 sss
1236 348 1858 445 ANNALUJM
1978 428 1987 434 ,
2088 342 2093 347 ·
2309 339 2581 439 &¹3:⁷32

444 506 785 602 „quit-ere
825 504 1219 591 inlicitum,
1281 530 1574 597 anceps:
1651 530 1784 574 nee
1824 504 1988 575 ideo
2037 505 2451 597 adsequare.
2562 501 2670 573 Ne

443 610 622 697 „.P.
645 606 1088 683 len‘mmn
1114 607 1359 678 Seiani
1385 609 1615 691 diem,
1660 609 1783 675 sed
1814 607 2117 675 sedecim
2148 631 2382 675 annos
2408 607 2672 695 cogita-

441 768 484 798 „
498 713 764 785 veritis.
881 710 1093 779 etiam
1133 710 1452 781 Satrium
1502 724 1711 801 atque
1753 707 2237 800 Pomponium
2279 709 2672 795 veneraba-

443 838 695 899 „murz
751 812 1027 882 libertis
1056 836 1343 905 quoque
1374 837 1455 881 ac
1483 811 1910 880 ianitoribus
1942 812 2095 879 eius
2132 826 2500 880 notescere
2538 834 2667 900 pro

445 915 877 1005 „magnifico
919 914 1414 1005 accipiebatur.
1517 911 1731 1001 Quid·
1763 914 1977 1002 ergo?
2038 912 2455 982 indistincta
2499 907 2668 980 haec

444 1017 816 1103 „defensio
864 1030 937 1085 et
980 1016 1382 1107 promiscua
1424 1015 1762 1085 dabitur?
1833 1016 2052 1083 immo
2097 1015 2304 1084 iustis
2342 1013 2668 1083 terminis

443 1120 883 1203 „dividatun
985 1118 1284 1186 insidiae
1325 1117 1408 1184 in
1450 1141 1603 1184 rem
1646 1118 2042 1208 publicam,
2098 1116 2395 1186 consilia
2441 1115 2668 1183 caedis

441 1222 877 1306 ‘,‚adversum
903 1219 1407 1313 imperatorem
1434 1219 1859 1310 puniantur:
1912 1219 2001 1288 de
2044 1219 2358 1287 amicitia
2400 1231 2476 1286 et
2516 1217 2668 1286 offi-

434 1322 622 1407 „ciis
649 1323 841 1391 idem
869 1321 1034 1390 finis
1067 1336 1137 1391 et
1165 1334 1269 1406 te,
1315 1318 1613 1404 Caesar}
1662 1335 1733 1389 et
1759 1343 1895 1389 nos
1920 1302 2377 1392 absolverit?
2608 1324 2615 1337 ‘
2716 1320 2727 1324 ’

639 1421 768 1497 ῙΧ.
816 1421 1232 1493 Constantia
1260 1423 1947 1516 orationi8‚2etquia
1991 1439 2314 1515 repertus
2351 1435 2506 1491 erat
2548 1420 2667 1514 qui

435 1526 750 1609 efferret,
795 1550 977 1618 quae
1006 1549 1254 1594 omnes
1276 1524 1517 1593 animo
1548 1525 1943 1619 agitabant,
1991 1550 2073 1594 eo
2101 1549 2327 1618 usque
2353 1537 2665 1615 potuere,

434 1643 519 1699 ut
551 1641 984 1711 accusatores
1016 1627 1201 1710 eius,
1267 1627 1529 1695 additis
1567 1651 1748 1718 quae
1789 1642 1952 1696 ante
1993 1628 2486 1719 deliquerant,
2551 1650 2664 1692 ex-
2716 1690 2719 1695 .

434 1730 597 1801 silio
657 1743 781 1799 aut
831 1744 1070 1799 morte
1118 1729 1617 1799 multarentur.
1732 1728 2027 1799 Secutae
2077 1725 2341 1798 dehinc
2387 1727 2663 1796 Tiberii

436 1831 712 1919 litterae
742 1832 820 1899 in
848 1829 1009 1902 Sex.
1026 1828 1410 1900 Vestilium
1437 1832 1907 1930 praetorium,
1956 1856 2168 1924 quem
2192 1830 2435 1899 Druso
2462 1829 2662 1899 fratri

429 1956 799 2025 percarum
831 1933 908 2000 in
951 1926 1319 2001 cohortem
1356 1955 1557 2001 suam
1600 1935 2077 2005 transtulerat.
2180 1957 2389 2002 causa
2435 1932 2660 2001 offen-

429 2035 650 2105 sionis
669 2033 970 2104 Vestilio
1000 2034 1172 2117 fuit,
1224 2058 1350 2103 seu
1381 2050 1871 2124 composuerat
1900 2038 2246 2129 quaedam
2274 2036 2357 2102 in
2383 2031 2661 2106 C.Cae-

431 2159 662 2207 sarem
695 2150 778 2205 ut
812 2136 1248 2227 impudicum
1264 2190 1285 2220 ‚
1323 2136 1484 2204 sive
1524 2137 1685 2206 ficto
1725 2134 1972 2207 hahita
2017 2139 2212 2209 fides.
2315 2151 2531 2230 atque
2571 2136 2659 2205 ob

493 2351 597 2386 nec
631 2333 756 2384 ideo
787 2305 1122 2402 adsequare.
1193 2332 1261 2385 Η.
1292 2353 1340 2385 e.
1376 2320 1501 2387 licet

423 2401 686 2459 inlicitam
719 2402 864 2465 illam
895 2414 948 2455 et
965 2402 1262 2474 ancipitem
1286 2413 1500 2454 scruta-
1526 2426 1532 2434 ·

425 2469 631 2522 tionem
677 2469 954 2530 instituas,
1014 2471 1135 2521 ideo
1179 2490 1293 2522 non
1341 2472 1498 2523 adse·-

425 2557 609 2610 quare.
695 2538 987 2608 Per-peram
1030 2537 1278 2602 Heinsius
1315 2540 1497 2593 ,corri-

464 2608 529 2660 ‘t:
566 2625 665 2658 neo
698 2612 863 2659 adeo.
936 2607 1067 2658 Mox
1106 2610 1341 2659 sedecim
1369 2610 1494 2663 cod.

421 2624 547 2728 fis,
589 2674 711 2730 edd.
754 2673 858 2730 lac.
911 2674 1160 2736 Gronov.
1193 2695 1313 2747 sqq.
1359 2693 1498 2728 sex-

424 2744 604 2796 decim
634 2742 754 2794 edd.
779 2741 907 2797 Ber.
938 2762 1054 2813 sqq.
1151 2761 1166 2772 .

492 2811 770 2866 Satrium.
844 2812 915 2865 cf.
950 2816 1001 2875 4,
1036 2811 1119 2864 34.
1161 2812 1255 2865 ubi
1295 2812 1501 2867 Satrius

423 2878 709 2934 Secundus
720 2879 899 2933 Seiani
920 2883 1084 2935 eliens
1102 2881 1329 2943 dicitur3
1356 2883 1500 2936 idem

423 2960 607 3034 postea
635 2949 1022 3006 coniurationis
1048 2949 1205 3002 index
1247 2950 1367 3004 fuit.
1425 2951 1498 3005 cf.

421 3019 632 3072 tnfrsc.
666 3016 756 3070 47.
1214 3033 1220 3038 ·

491 3086 885 3153 Pomponium.
970 3086 1043 3140 cs.
1089 3089 1138 3150 5,
1185 3088 1237 3141 8.
1289 3088 1499 3158 Lipsius

421 3154 667 3226 intelligit
710 3154 779 3276 g.
819 3149 1220 3244 Ponipom'um?
1282 3157 1347 3210 de
1388 3176 1497 3227 quo

420 3223 547 3277 infr.
594 3244 642 3280 c.
682 3227 705 3275 1
752 3262 763 3275 .
850 3223 955 3276 Sed
1001 3224 1368 3296 Pomponium
1408 3227 1499 3278 Se·

422 3291 659 3344 cundum
689 3289 873 3344 Seiani
912 3293 1150 3346 amicum
1188 3294 1349 3347 fuisse
1391 3296 1499 3348 sci-

420 3377 542 3442 mus
569 3380 598 3411 e
623 3359 750 3441 loco
777 3361 825 3419 5,
850 3361 912 3423 8;
949 3361 1015 3414 de
1045 3361 1257 3429 Quinto
1288 3362 1366 3415 nil
1393 3364 1497 3417 tale

423 3438 680 3480 innotuit.
803 3465 810 3476 .

488 3497 701 3549 libertis
753 3514 968 3565 quoque
990 3511 1010 3519 ·
1027 3516 1094 3550 ac
1156 3500 1495 3552 ianitoribus

418 3574 524 3619 etc.
618 3566 729 3618 Dio
768 3566 851 3624 58,
893 3568 940 3617 5.
1001 3568 1253 3620 σπουδαί
1296 3586 1354 3622 τε
1401 3572 1493 3621 καὶ

419 3632 665 3703 &maaet
692 3637 818 3706 περὶ
843 3633 941 3693 τὰς
964 3632 1143 3706 θύρας
1171 3636 1344 3690 αὐτοῦ
1370 3639 1493 3720 gyf,-

417 3719 620 3773 γνοντο
673 3704 733 3757 ἐκ
778 3705 878 3756 τοῦ
935 3705 1210 3773 δεδιέναι,
1262 3706 1342 3777 μὴ
1380 3728 1496 3774 μο-

417 3789 522 3826 νον
554 3771 630 3843 μὴ
669 3770 771 3825 οὐκ
810 3771 967 3847 ὀφθῇ
1004 3792 1084 3834 τις
1122 3773 1304 3843 αὐτῷ,
1356 3775 1495 3830 ἀλλὰ

416 3840 497 3912 μὴ
522 3846 614 3894 καὶ
640 3842 701 3895 ἐν
724 3847 837 3900 τοῖς
865 3840 1122 3903 ὑστάτοις
1146 3850 1316 3915 φανῇ.
1478 3897 1485 3906 ,

487 3912 622 3966 CAP.
662 3911 715 3963 9.
738 3929 744 3934 ’
770 3913 1166 3972 multarent-ur.
1240 3914 1332 3967 Sic
1371 3914 1493 3967 edd.

418 3979 668 4033 Beroald.
697 3979 820 4033 Alc.
862 3990 913 4031 et
957 3984 1286 4036 recentiores
1315 3983 1440 4035 inde
1465 4003 1495 4035 a

419 4047 561 4116 Lips.
619 4048 809 4119 prima.
903 4047 1041 4101 Edd.
1082 4050 1325 4104 Rhenan.
1369 4051 1493 4104 Ald.

419 4120 848 4169 mulctarentur.
888 4116 962 4170 cf.
994 4130 1107 4171 not.
1138 4121 1202 4171 ad
1232 4121 1277 4180 1,
1298 4121 1384 4172 77.

482 4202 799 4250 percarum.
874 4185 965 4238 Sic
997 4186 1118 4240 edd.
1153 4188 1401 4241 Beroald.
1442 4199 1493 4241 et

415 4263 638 4306 recenti.
667 4254 1011 4326 percharum
1045 4255 1166 4306 edd.
1201 4257 1321 4311 Alc.
1356 4257 1492 4307 Rhe-

417 4338 547 4373 nan.

1654 2338 1713 2389 ίη
1744 2340 2037 2390 cohortem,
2069 2354 2255 2391 suam.
2326 2333 2506 2388 intell.
2541 2333 2661 2388 ami·

1586 2424 1799 2459 corum.
1837 2407 1910 2463 cf.
1937 2417 2055 2460 not.
2085 2405 2151 2459 ad
2181 2408 2227 2467 l,
2251 2404 2340 2456 29.

1651 2557 1751 2592 seu
1785 2550 2196 2605 eonmosuerae.
2269 2535 2657 2608 Wopkeusius
2678 2569 2689 2580 ·

1582 2609 1885 2677 suspicatur
1900 2609 2148 2668 Tacitum
2173 2608 2450 2677 scripsisse
2469 2626 2485 2659 ι
2519 2611 2657 2674 quod

1587 2687 2016 2743 composuerat,·
2081 2697 2209 2730 nam
2246 2695 2359 2742 'seu
2412 2695 2519 2748 pro
2567 2693 2658 2728 seu
2757 2701 2760 2708 ·

1587 2752 1736 2812 quod
1761 2746 1860 2816 ipsi
1886 2747 2078 2799 durio‘r
2104 2748 2321 2801 videtur
2341 2744 2562 2797 dicendi
2583 2763 2656 2795 ra·

1584 2815 1683 2867 tio.
1724 2814 1863 2867 Sane
1885 2815 2044 2868 habet
2058 2816 2258 2868 Noster
2278 2814 2399 2872 sive
2424 2819 2579 2881 quod
2593 2846 2657 2857 --

1585 2888 1702 2936 sive
1738 2912 1807 2937 -—
1849 2884 1979 2937 infr.
2011 2886 2094 2943 12,
2120 2884 2207 2936 88.
2281 2882 2389 2935 Sed
2428 2881 2655 2935 multum

1584 2952 1807 3005 interest
1831 2953 1970 3005 inter
1996 2965 2280 3023 utramque
2312 2950 2658 3004 locutionem.

1583 3023 1642 3077 Si
1678 3021 1900 3075 scribis:
1963 3025 2112 3089 quod
2152 3029 2545 3087 composuerat
2582 3020 2657 3072 vel

1579 3111 1678 3146 seu
1718 3094 1867 3157 quod
1899 3099 2325 3158 composuerat,
2361 3099 2482 3140 tum
2509 3089 2656 3142 adfir-

1582 3181 1698 3213 mas
1732 3159 1886 3212 illum
1918 3160 2313 3229 composuisse,
2360 3157 2529 3227 idque
2560 3176 2653 3209 so-

1582 3232 1696 3283 lum
1728 3229 1785 3278 in
1810 3228 1975 3280 dubio
1999 3228 2289 3298 relinquis,
2330 3237 2517 3278 utrum
2554 3225 2653 3279 hoc
2740 3217 2747 3276 ἶ

1582 3318 1649 3350 an
1674 3296 1808 3352 illud
1831 3315 1932 3365 pro
1961 3316 2116 3350 causa
2143 3295 2457 3349 offensionis
2479 3293 2546 3346 sit
2570 3294 2651 3346 ha·

1581 3365 1851 3419 bendumt
1914 3384 2047 3434 quae
2096 3366 2232 3416 ratio
2275 3366 2340 3417 ab
2382 3363 2495 3415 hoc
2534 3362 2652 3415 loco
2756 3403 2759 3416 ,

1580 3447 1659 3487 est
1691 3434 1885 3494 aliena,
1920 3434 2140 3505 propria
2171 3434 2293 3485 loco
2325 3434 2408 3495 12,
2429 3430 2517 3484 88.
2558 3430 2652 3482 Sin

1581 3503 1744 3555 dicis:
1793 3520 1897 3553 seu
1924 3512 2345 3567 composuerat,
2382 3502 2502 3553 siue
2518 3501 2652 3569 ficto

1580 3583 1682 3624 etc.
1720 3581 1836 3623 tum
1864 3570 2089 3622 dubium
2117 3590 2230 3622 esse
2259 3571 2423 3628 dicis,
2472 3580 2650 3621 utrum

1578 3641 1948 3709 composuerit
1971 3638 2059 3692 ille
2086 3638 2349 3707 quaedam
2376 3640 2434 3690 in
2452 3636 2651 3691 ocae·

1578 3728 1771 3769 sarem,
1803 3727 1872 3759 an
1898 3709 2022 3759 ficto
2048 3707 2227 3760 habita
2256 3709 2322 3759 sit
2350 3707 2503 3762 fides.
2534 3724 2649 3759 cau·

1579 3796 1691 3829 sam
1720 3795 1851 3830 vero
1879 3776 2001 3828 inde
2033 3775 2145 3828 esse
2173 3776 2484 3845 repetitam,
2512 3773 2649 3845 quod

1580 3846 1946 3916 composuisse
1971 3844 2324 3898 incusaretur.
2398 3844 2521 3898 Hoc
2554 3839 2649 3895 sibi

2097 3912 2354 3967 Ceterum
2420 3909 2648 3965 formula

2097 3980 2101 3984 ’
2173 3983 2253 4035 vel
2299 4002 2401 4035 seu
2436 4015 2509 4025 —-
2542 3997 2645 4037 seu,

1577 3917 1691 3968 vult
1752 3913 1989 3966 Tacitus.

1581 3986 1698 4035 sive
1733 4012 1800 4022 -
1837 3986 1949 4033 sive
1985 4011 2052 4021 —
2074 4021 2089 4040 ,

1581 4054 1665 4104 vel
1692 4052 1810 4104 sive
1833 4082 1899 4092 —
1924 4069 2052 4117 seu,
2094 4052 2177 4103 vel
2207 4051 2439 4121 denique
2465 4068 2566 4103 seu
2585 4074 2647 4090 —

1575 4123 1689 4172 sive
1741 4149 1802 4161 -—-
1842 4125 2047 4173 ‘exacte
2095 4120 2387 4190 respondet
2436 4133 2647 4191 graecae

1578 4189 1701 4243 voci
1747 4191 1853 4242 εἴτε
1888 4215 1954 4230 --
1991 4193 2116 4241 εἴτε.
2192 4188 2266 4242 cf.
2298 4189 2377 4248 12,
2405 4190 2458 4242 8.
2501 4188 2645 4251 1,10.

1579 4261 1627 4318 1,
1686 4258 1774 4310 60.
1886 4256 2073 4311 Germ.
2140 4276 2190 4312 c.
2253 4257 2341 4312 34.
2440 4258 2646 4329 Legitur

1576 4326 1738 4404 etiam
1765 4328 1882 4382 sive
1912 4356 1981 4368 -
2016 4346 2127 4386 an,
2181 4328 2252 4381 cf.
2285 4332 2367 4391 11,
2394 4329 2485 4382 26.
