2794 5085
2150 357 2169 386 s
2205 312 2350 412 2⁰
2371 313 2470 409 ⁷1ss-

351 323 493 393 180
1081 305 1094 316 “
1160 277 1806 392 ANNAIAUM·

342 476 616 567 origine
639 473 1039 543 veneranda
1053 524 1078 557 ,
1123 453 1371 566 relegit
1395 465 1645 544 Asiam
1669 472 2103 566 adpellitque
2127 457 2579 567 Colophona,

340 576 688 664 ut‚Clarii
727 571 1091 666 Apollinis
1128 574 1417 642 oraculo
1457 589 1796 650 uteretur.
1912 573 2082 645 Non
2111 578 2381 646 femina
2424 578 2578 656 illia:

339 695 424 753 ut
455 681 654 770 'apud
679 671 1037 767 Delphos,
1104 676 1228 743 sed
1265 675 1486 752 *certis
1532 700 1570 745 e
1612 676 1906 750 familiis
1948 692 2016 746 et
2055 678 2277 747 ferme
2310 677 2575 750 Mileto
2623 695 2635 708 ‘

295 806 304 815 ’
343 771 604 856 accitus
649 779 980 847 sacerdos
1035 801 1414 846 numerum
1468 778 1689 846 modo
1720 777 2286 852 ,consultantium
2332 794 2402 850 et
2440 806 2585 850 no·-

340 884 539 953 mina
575 880 810 951 audit:
867 895 1022 950 tum
1051 879 1131 974 in
1156 901 1443 970 specum
1471 877 1875 968 degressus{
1928 876 2185 956 hausta
2206 882 2431 952 fontis
2460 907 2578 974 ar·-⁴

343 983 506 1058 cani
557 1007 778 1075 aqua,
838 982 1127 1070 ignarus
1148 980 1583 1073 'plerumque
1627 982 2023 1052 litterarum
2062 997 2135 1054 et
2175 984 2579 1056 carminum

341 1087 487 1157 edit
511 1107 844 1176 responsa
870 1082 1191 1152 versibus
1219 1082 1623 1172 compositis
1653 1106 1864 1175 super
1888 1085 2140 1169 rebus,
2198 1110 2374 1178 quas
2416 1085 2579 1178 quis

336 1201 573 1266 mente
607 1185 947 1275 concepit.
1001 1198 1069 1252 et
1099 1183 1458 1266 ferebatur
1474 1180 1901 1256 Germanico
1929 1210 2058 1276 per
2082 1189 2457 1277 ambages,
2495 1202 2580 1262 ut

336 1314 492 1359 mos
521 1289 826 1364 oraculis
845 1341 866 1370 ‚
906 1299 1269 1355 maturum
1289 1285 1585 1355 exitium
1614 1287 1967 1360 cecinisse.
2054 1285 2055 1288 ¹

540 1377 697 1461 LV.
747 1387 848 1457 At
871 1384 1003 1483 Cn.
1026 1384 1230 1470 Piso,
1283 1412 1426 1479 quo
1458 1388 1952 1479 properantius
1978 1388 2346 1482 ,destinata
2390 1388 2578 1490 ipci-

335 1506 567 1586 peret‚
626 1490 982 1561 civitatem
1025 1479 1579 1558 Atheniensium
1618 1489 1907 1560 turbido
1950 1477 2231 1606 incessu
2279 1491 2582 1562 exterri-

281 1692 287 1704 '
336 1709 443 1761 que
479 1691 642 1743 illum
680 1687 737 1739 in
763 1688 1024 1752 regressu
1051 1700 1220 1738 saera
1245 1680 1411 1736 Sam.
1496 1695 1574 1806 gt
1589 1689 1625 1738 :'
1654 1665 1837 1752 Igitur
1858 1686 2014 1738 adito
2039 1684 2150 1767 11ιό
2180 1704 2434 1767 quaeqae
2473 1683 2580 1742 etc.
2640 1699 2647 1704 ’

332 1763 511 1814 visere
535 1759 843 1819 nitentem,
883 1755 1109 1821 aliaque
1137 1754 1214 1804 ibi
1237 1754 1412 1806 varie·
1554 1754 1735 1824 ignam
1774 1772 1888 1808 esse
1925 1774 2141 1817 censui,
2168 1774 2327 1826 “quae
2366 1776 2424 1812 m
2455 1767 2577 1814 tex-

255 1853 262 1862 ·
334 1838 454 1884 tate
478 1827 754 1897 fortunae
780 1833 835 1875 et
860 1823 1052 1875 nostri
1073 1821 1286 1889 origine
1309 1839 1410 1873 ve·
1497 1832 1617 1875 tum
1668 1821 1978 1893 recipiatur.
2068 1822 2198 1877 Erat
2247 1825 2307 1877 in
2359 1824 2578 1880 schedis

331 1899 615 1950 ner-anda.
710 1892 894 1958 Igitur
945 1890 1145 1955 relegit
1195 1891 1410 1950 Asiam,

335 1965 681 2033 adpellitque
739 1960 1075 2027 Colophona.
1173 1957 1410 2031 Recepta

334 2042 460 2090 sunt
495 2033 626 2094 baec
665 2031 723 2086 in
758 2047 907 2099 seqq.
951 2026 1077 2080 edd.
1101 2026 1312 2109 Lipsius
1354 2026 1413 2080 in

329 2101 431 2158 reli
474 2101 555 2155 uis
599 2119 725 2154 cum
773 2097 1036 2150 Rhenano
1086 2094 1244 2154 facit,
1306 2093 1415 2149 nisi

372 2122 480 2227 uo‘d
520 2168 669 2225 vult=
727 2168 953 2234 aliaque
1068 2182 1139 2217 ae
1179 2166 1258 2217 iba·
1303 2177 1411 2218 etc.

382 2241 586 2310 lerique
629 2239 687 2291 in
725 2234 989 2289 emendan
1105 2252 1246 2289 voce
1295 2234 1413 2286 alio

332 2311 609 2370 laborant,
661 2322 886 2373 unoque
922 2321 1017 2364 ore
1046 2301 1412 2371 pronuntiant

330 2381 497 2434 latere
534 2376 593 2428 in
633 2394 696 2428 eo
737 2372 834 2425 11ἱί
867 2371 1106 2422 nomen.'
1161 2370 1277 2423 Iam
1315 2368 1410 2423 alii

333 2465 458 2502 cum
508 2440 757 2497 Freinsh.
810 2448 861 2493 et
899 2436 1075 2509 Ryek.
1118 2437 1409 2497 scribunt:

332 2515 517 2583 Igitur
571 2511 720 2576 Ilio,
786 2524 1037 2578 quaeque
1094 2517 1196 2561 etc.
1293 2501 1409 2559 Alii

332 2604 461 2641 cum
474 2579 727 2635 Heinsio:
765 2578 951 2644 Igitur
973 2575 1197 2641 abIlio,
1227 2593 1409 2644 quae-

334 2671 440 2723 que
480 2661 581 2704 etc.
626 2648 819 2701 eodem
857 2663 1038 2712 sensu.
1140 2642 1411 2714 Quaeque

287 2768 292 2773 ’
332 2719 609 2844 ῗιωίρίἴῗ
630 2735 733 2838 ¹:51?
747 2715 864 2836 ‘13¹⁶
887 2714 1280 2852 ίξιὶἒῖῗίἶῖζῖἑ
1306 2731 1411 2833 ¹:15⁰

373 2807 504 2842 esun
604 2808 632 2838 x
824 2820 842 2842 ,
1379 2809 1411 2820 -

333 2857 492 2914 cendi
518 2854 658 2908 ratio
684 2805 919 2907 efcusari
946 2850 1127 2922 possit.
1168 2849 1241 2904 cf.
1259 2869 1320 2903 su
1361 2871 1410 2904 r.

335 2929 383 2991 1,
427 2924 507 2979 12.
555 2925 608 2989 2,
645 2921 712 2977 88
746 2930 798 2975 et
837 2919 924 2974 41.
977 2918 1104 2972 infr.
1137 2918 1296 2982 3,43.
1359 2919 1409 2972 5.

336 2996 418 3055 11,
441 2991 492 3050 ὅ.
515 3004 567 3047 et
586 2990 770 3047 multis
797 2989 911 3062 aliis
934 2987 1091 3042 locis.
1162 2987 1274 3041 Sed*
1292 2988 1413 3058 quis

330 3064 557 3121 tandem
609 3063 821 3139 elegans
874 3057 1112 3129 scriptor
1166 3075 1411 3138 unquam

331 3136 478 3191 hisce
516 3129 831 3200 ambagibus
868 3136 1048 3178 utetur
1074 3126 1140 3179 ad
1167 3125 1413 3178 inducan-

334 3206 466 3259 dum
521 3201 737 3260 locum,
800 3196 945 3248 unde
998 3192 1231 3267 aliquem
1285 3212 1412 3263 pro.

331 3274 540 3329 fectum
580 3267 761 3321 dicat?
844 3264 900 3316 Si
942 3262 1302 3317 Germanicus
1341 3263 1408 3315 ab

331 3343 433 3397 llio
483 3336 761 3411 profectus
799 3333 987 3386 Asiam
1039 3330 1253 3402 relegit,
1311 3350 1410 3402 per

332 3430 389 3465 se
441 3403 761 3475 intelligitur
802 3401 954 3455 illum
1004 3411 1058 3454 et
1098 3397 1409 3471 profectum

334 3497 448 3533 esse
475 3477 542 3529 ab
573 3473 665 3534 iis,
698 3490 835 3541 quae
860 3469 935 3522 ibi
964 3507 978 3521 .
999 3505 1047 3524 ..
1078 3468 1409 3544 veneranda.

333 3543 603 3600 Inutiliter
652 3541 815 3611 igitur
851 3537 984 3608 haec
1032 3546 1160 3591 sunt
1208 3535 1406 3591 addita.

337 3614 429 3688 Op
469 3619 672 3672 onunt,
707 3606 942 3664 voluisse
965 3606 1225 3663 Nostrum
1254 3604 1409 3675 plura

335 3686 401 3740 de
426 3634 524 3735 llio
548 3679 757 3741 dicere,
793 3695 896 3730 nec
919 3660 1240 3747 simpliciter
1271 3672 1409 3753 indi·

245 3768 250 3775 ’
333 3771 455 3808 care
491 3750 705 3821 locum,
759 3745 903 3798 unde
930 3743 999 3797 G.
1026 3742 1299 3816 profectus
1324 3751 1411 3803 sit,

297 3862 298 3867 ,
332 3822 424 3876 sed
454 3820 645 3876 etiam.
696 3813 843 3887 quod
872 3825 1026 3868 antea
1057 3811 1218 3865 Ilium
1250 3829 1406 3880 quae·

334 3892 440 3963 que
465 3887 543 3940 ibi
570 3926 585 3941 .
603 3922 649 3941 ..
678 3882 985 3937 veneranda
1022 3880 1243 3939 adierit,
1291 3898 1409 3950 spe-

335 3957 569 4014 ctaverit.
639 3952 822 4007 Recte.
905 3949 1059 4002 Tum
1103 3966 1235 4004 vero
1292 3967 1406 4000 non

334 4024 693 4080 omittendum
735 4029 848 4074 erat
885 4017 1243 4079 vocabulum,
1295 4034 1405 4085 quo

332 4095 388 4148 id
431 4102 715 4148 constaret.
790 4088 974 4157 Quare
1001 4085 1077 4139 nil
1101 4085 1281 4138 verius
1309 4094 1404 4146 est,

334 4182 497 4234 quam
530 4161 580 4214 I.
606 4162 794 4216 Sever.
826 4156 1034 4209 Vateri
1065 4154 1400 4222 (Animadv.

331 4234 394 4285 in
419 4235 570 4282 locos
600 4232 799 4297 quosd.
830 4243 905 4279 ex
933 4224 1067 4276 Mid.
1100 4222 1404 4276 Demosth.

333 4317 417 4353 or.
455 4299 571 4355 len.
600 4298 750 4365 1796)
788 4293 1134 4350 coniectura,
1180 4290 1273 4363 qui
1316 4289 1400 4343 le-

1494 1892 1629 1944 meis
1691 1901 1981 1961 antequam
2048 1892 2323 1963 novissem
2380 1893 2587 1947 Vaten‘

1494 1979 1611 2013 eam
1650 1978 1762 2012 esse
1798 1960 2191 2018 coniecturam.
2275 1959 2576 2024 Germani?

1501 2047 1596 2082 cus
1613 2026 1775 2080 ilium
1802 2026 1934 2081 adiit
1961 2028 2053 2096 (cf.
2072 2048 2220 2100 supr.
2240 2029 2389 2083 αδδ.
2415 2032 2580 2084 adire

1498 2097 1862 2163 municipia„
1929 2097 1989 2152 in
2051 2116 2184 2150 nave
2242 2099 2394 2151 enim
2446 2109 2577 2162 erat,

1496 2167 1644 2219 unde
1678 2164 1878 2217 debuit
1926 2164 2249 2226 escendere,
2303 2177 2365 2220 ut
2414 2167 2578 2222 Ilium

1495 2233 1710 2286 viseret.
1790 2233 1868 2285 Ex
1911 2236 2067 2287 adito
2102 2233 2236 2296 Ilio,
2298 2235 2578 2307 corruptis

1494 2300 1688 2355 mediis
1733 2300 1952 2367 litteris,
2009 2301 2170 2356 facile
2250 2305 2391 2360 otuit
2441 2303 2578 2367 oriri
2630 2314 2639 2320 '

1492 2372 1629 2423 alio.
1699 2370 1990 2426 Diversam
2015 2389 2188 2441 nuper
2253 2391 2578 2428 errmannus

1492 2437 1618 2491 iniit
1658 2438 1820 2492 viam.
1900 2439 2199 2510 Proponit:
2250 2443 2424 2510 igitur·
2456 2442 2576 2495 allo

1495 2507 1593 2590 (sc.
1623 2505 1824 2578 nitens)
1853 2517 1907 2563 et
1949 2507 2027 2576 (in
2066 2508 2154 2563 vel
2192 2510 2262 2564 ad
2301 2513 2385 2581 ea)
2429 2527 2579 2581 quae

1494 2579 1574 2631 aba·
1597 2613 1611 2629 .
1630 2613 1644 2628 .
1663 2614 1706 2629 ..
1735 2580 2098 2636 veneranda,
2134 2582 2334 2646 relegit
2349 2581 2572 2634 Asiam.

1494 2643 1626 2697 Vel:
1663 2645 1838 2712 igitur
1860 2650 1973 2701 alio
1999 2644 2309 2715 (nitens)‹et
2336 2648 2577 2719 (visens),
2612 2690 2613 2697 κ

1493 2730 1636 2784 quae
1671 2712 1749 2766 ibi
1786 2724 1890 2767 etc.
1975 2712 2131 2795 Quae
2178 2716 2225 2770 si
2265 2715 2410 2770 forte
2450 2717 2579 2771 cui·

1534 2801 1662 2835 uam
1716 2782 2040 2853 placebunt,
2112 2804 2231 2838 non
2291 2784 2578 2843 invidebo.

1492 2803 1856 2922 §iesslingius
1876 2851 2024 2904 vult:
2071 2852 2241 2921 igitur
2276 2856 2438 2906 adito
2462 2854 2578 2908 Illo

1531 2927 1741 2989 uaeque
1768 2920 1892 2972 alia
1915 2921 1992 2972 ibi
2014 2931 2119 2975 etc.
2190 2921 2298 2976 Sed
2334 2924 2462 2977 alia
2498 2922 2578 2979 ibi

1519 3000 1699 3041 rustra
1725 2988 1889 3040 adest.
2097 2992 2103 2998 ’

1567 3057 1917 3123 Colophona,
1953 3065 2015 3108 ut
2047 3058 2189 3112 C.A.
2217 3078 2269 3111 o.
2299 3069 2581 3119 uteretur.

1497 3122 1697 3178 Strabo
1727 3127 1819 3185 14,
1859 3145 1912 3196 p.
1937 3125 2059 3179 642.
2102 3125 2391 3193 Κολοφὼν
2415 3126 2579 3193 πόλις
2610 3124 2616 3133 ”

1490 3191 1704 3260 Ἰωνικὴ
1742 3197 1835 3247 καὶ
1882 3191 1991 3261 πρὸ
2043 3193 2211 3261 αὐτῆς
2253 3193 2426 3259 ἄλσος
2474 3202 2577 3255 τοῦ

1493 3258 1741 3335 Κλαρίου
1759 3258 2116 3331 Ἀπόλλωνος,
2151 3266 2214 3319 ἐν
2238 3255 2284 3336 ᾧ
2308 3270 2405 3321 καὶ
2423 3287 2579 3339 μαν-

1494 3337 1645 3386 τεῖον
1695 3323 1767 3399 ἦν
1817 3351 1953 3386 ποτε
1996 3329 2256 3389 παλαιόν.
2355 3334 2577 3405 Quibus

1494 3402 1675 3456 verbis
1697 3402 1911 3454 videtur
1933 3400 2254 3473 significari,
2278 3404 2579 3485 posteriori

1493 3480 1664 3523 aetate
1700 3469 1985 3523 oraculum
2024 3470 2161 3524 illud
2195 3471 2433 3527 desiisse.
2503 3478 2579 3531 At

1494 3537 1641 3591 aliud
1668 3537 2049 3592 dicitTacitus.
2114 3539 2365 3594 Concilio
2391 3553 2576 3597 tamen

1494 3618 1789 3689 utrumque
1867 3618 2169 3663 auctorem.
2290 3609 2575 3667 Strabonis

1492 3675 1656 3728 verba
1701 3685 2035 3745 interpretor
2080 3676 2150 3729 de
2194 3678 2579 3734 celebrationis

1495 3743 1898 3807 deminutione,
1980 3762 2117 3815 quae
2189 3744 2332 3808 haud
2409 3747 2577 3811 dubie
2626 3776 2627 3781 =

1491 3810 1884 3894 posterioribus
1950 3812 2285 3882 temporibus
2350 3816 2575 3887 ingruit,

1491 3891 1565 3934 ita
1602 3891 1797 3937 tamen.
1816 3891 1876 3933 ut
1913 3881 2091 3953 ipsum
2119 3882 2428 3938 institutum
2457 3904 2576 3939 non

1490 3947 1842 4003 abolesceret.
1884 3950 2135 4020 Namque
2161 3952 2387 4006 oracula
2412 3956 2581 4009 etiam

1491 4036 1659 4081 suam,
1699 4017 2007 4071 habuerunt
2055 4037 2273 4077 auream
2322 4032 2575 4084 aetatem,

1491 4104 1626 4157 quae
1652 4096 1836 4158 postea
1867 4087 2025 4167 cessit
2053 4086 2109 4138 in
2147 4106 2388 4143 aeneam.
2463 4092 2576 4147 Ce-

1490 4164 1672 4207 terum
1714 4153 1786 4208 cf.
1829 4154 1972 4209 Phn.
2003 4155 2053 4221 2,
2087 4155 2203 4210 103.
2254 4157 2488 4216 Pansam.
2522 4162 2576 4226 7,

1492 4224 1678 4303 1025(

1554 4294 1872 4357 degressus,
1942 4291 2047 4351 Ed..
2070 4276 2198 4348 Ald'.
2224 4295 2533 4363 digressus.
