<?xml version="1.0" encoding="UTF-8"?>
<!DOCTYPE html PUBLIC "-//W3C//DTD XHTML 1.0 Transitional//EN"
    "http://www.w3.org/TR/xhtml1/DTD/xhtml1-transitional.dtd">
<html xmlns="http://www.w3.org/1999/xhtml" xml:lang="en" lang="en">
 <head>
  <title>
</title>
<meta http-equiv="Content-Type" content="text/html;charset=utf-8" />
  <meta name='ocr-system' content='tesseract 3.04.00' />
  <meta name='ocr-capabilities' content='ocr_page ocr_carea ocr_par ocr_line ocrx_word'/>
</head>
<body>
  <div class='ocr_page' id='page_1' title='image "./operavolume00waltgoog_0186.png"; bbox 0 0 2794 5085; ppageno 0'>
   <div class='ocr_carea' id='block_1_1' title="bbox 388 320 533 436">
    <p class='ocr_par' dir='ltr' id='par_1_1' title="bbox 342 320 533 436">
     <span class='ocr_line' id='line_1_1' title="bbox 388 320 533 436; baseline -0.005 -0.241"><span class='ocrx_word' id='word_1_1' title='bbox 388 320 533 436; x_wconf 68' lang='lat'><strong>126</strong></span> 
     </span>
    </p>
   </div>
   <div class='ocr_carea' id='block_1_2' title="bbox 1186 346 2550 454">
    <p class='ocr_par' dir='ltr' id='par_1_2' title="bbox 1186 346 2550 454">
     <span class='ocr_line' id='line_1_2' title="bbox 1186 346 2550 454; baseline 0.003 -17"><span class='ocrx_word' id='word_1_2' title='bbox 1186 346 1813 437; x_wconf 82' lang='lat' dir='ltr'><strong>ANNALIUM</strong></span> <span class='ocrx_word' id='word_1_3' title='bbox 2230 356 2385 454; x_wconf 58' lang='lat'>2:10¹:</span> <span class='ocrx_word' id='word_1_4' title='bbox 2415 356 2550 453; x_wconf 62' lang='lat'><strong>⁷231„</strong></span> 
     </span>
    </p>
   </div>
   <div class='ocr_carea' id='block_1_3' title="bbox 292 515 2633 1021">
    <p class='ocr_par' dir='ltr' id='par_1_3' title="bbox 292 515 2633 1021">
     <span class='ocr_line' id='line_1_3' title="bbox 381 515 2622 619; baseline 0.002 -30"><span class='ocrx_word' id='word_1_5' title='bbox 381 521 585 590; x_wconf 81' lang='lat' dir='ltr'><strong>laevo</strong></span> <span class='ocrx_word' id='word_1_6' title='bbox 633 539 877 601; x_wconf 85' lang='lat' dir='ltr'><strong>amne,</strong></span> <span class='ocrx_word' id='word_1_7' title='bbox 955 528 1408 610; x_wconf 83' lang='lat' dir='ltr'><strong>erratumque</strong></span> <span class='ocrx_word' id='word_1_8' title='bbox 1445 515 1547 585; x_wconf 85' lang='lat' dir='ltr'><strong>&#39;in</strong></span> <span class='ocrx_word' id='word_1_9' title='bbox 1599 540 1681 619; x_wconf 85' lang='lat' dir='ltr'><strong>eo</strong></span> <span class='ocrx_word' id='word_1_10' title='bbox 1702 571 1723 602; x_wconf 90' lang='lat'>‚</span> <span class='ocrx_word' id='word_1_11' title='bbox 1785 516 2001 609; x_wconf 86' lang='lat' dir='ltr'><strong>&#39;quod</strong></span> <span class='ocrx_word' id='word_1_12' title='bbox 2054 538 2206 588; x_wconf 88' lang='lat' dir='ltr'><strong>non</strong></span> <span class='ocrx_word' id='word_1_13' title='bbox 2265 516 2622 619; x_wconf 81' lang='lat' dir='ltr'><strong>subvexit.</strong></span> 
     </span>
     <span class='ocr_line' id='line_1_4' title="bbox 381 617 2626 714; baseline 0 -22"><span class='ocrx_word' id='word_1_14' title='bbox 381 618 814 711; x_wconf 77' lang='lat' dir='ltr'><strong>transposuit</strong></span> <span class='ocrx_word' id='word_1_15' title='bbox 851 617 1156 688; x_wconf 86' lang='lat' dir='ltr'><strong>militem</strong></span> <span class='ocrx_word' id='word_1_16' title='bbox 1196 620 1475 688; x_wconf 85' lang='lat' dir='ltr'><strong>dextras</strong></span> <span class='ocrx_word' id='word_1_17' title='bbox 1517 617 1596 685; x_wconf 87' lang='lat' dir='ltr'><strong>in</strong></span> <span class='ocrx_word' id='word_1_18' title='bbox 1626 631 1847 687; x_wconf 83' lang='lat' dir='ltr'><strong>terras</strong></span> <span class='ocrx_word' id='word_1_19' title='bbox 1884 619 2185 689; x_wconf 88' lang='lat' dir='ltr'><strong>iturum:</strong></span> <span class='ocrx_word' id='word_1_20' title='bbox 2252 621 2353 690; x_wconf 86' lang='lat' dir='ltr'><strong>ita</strong></span> <span class='ocrx_word' id='word_1_21' title='bbox 2379 623 2626 714; x_wconf 84' lang='lat' dir='ltr'><strong>plures</strong></span> 
     </span>
     <span class='ocr_line' id='line_1_5' title="bbox 385 715 2627 816; baseline 0 -22"><span class='ocrx_word' id='word_1_22' title='bbox 385 725 538 794; x_wconf 89' lang='lat' dir='ltr'><strong>dies</strong></span> <span class='ocrx_word' id='word_1_23' title='bbox 567 719 954 793; x_wconf 83' lang='lat' dir='ltr'><strong>efficiendis</strong></span> <span class='ocrx_word' id='word_1_24' title='bbox 983 719 1325 812; x_wconf 84' lang='lat' dir='ltr'><strong>pontibus</strong></span> <span class='ocrx_word' id='word_1_25' title='bbox 1356 719 1734 812; x_wconf 82' lang='lat' dir='ltr'><strong>absumpti.</strong></span> <span class='ocrx_word' id='word_1_26' title='bbox 1835 715 1935 790; x_wconf 86' lang='lat' dir='ltr'><strong>Et</strong></span> <span class='ocrx_word' id='word_1_27' title='bbox 1966 740 2178 814; x_wconf 83' lang='lat' dir='ltr'><strong>eques</strong></span> <span class='ocrx_word' id='word_1_28' title='bbox 2210 723 2508 816; x_wconf 76' lang='lat' dir='ltr'><strong>quidem</strong></span> <span class='ocrx_word' id='word_1_29' title='bbox 2545 749 2627 795; x_wconf 86' lang='lat' dir='ltr'><strong>ac</strong></span> 
     </span>
     <span class='ocr_line' id='line_1_6' title="bbox 292 821 2633 919; baseline 0.001 -26"><span class='ocrx_word' id='word_1_30' title='bbox 292 891 298 899; x_wconf 86' lang='grc'><em>,</em></span> <span class='ocrx_word' id='word_1_31' title='bbox 384 825 699 915; x_wconf 79' lang='lat' dir='ltr'><strong>legiones</strong></span> <span class='ocrx_word' id='word_1_32' title='bbox 725 822 957 914; x_wconf 85' lang='lat' dir='ltr'><strong>prima</strong></span> <span class='ocrx_word' id='word_1_33' title='bbox 983 822 1330 897; x_wconf 86' lang='lat' dir='ltr'><strong>aestuaria</strong></span> <span class='ocrx_word' id='word_1_34' title='bbox 1354 823 1684 913; x_wconf 88' lang='lat' dir='ltr'><strong>nondum</strong></span> <span class='ocrx_word' id='word_1_35' title='bbox 1710 821 2151 919; x_wconf 74' lang='lat' dir='ltr'><strong>adcrescente</strong></span> <span class='ocrx_word' id='word_1_36' title='bbox 2178 826 2372 917; x_wconf 87' lang='lat' dir='ltr'><strong>unda</strong></span> <span class='ocrx_word' id='word_1_37' title='bbox 2400 825 2633 895; x_wconf 88' lang='lat' dir='ltr'><strong>intre-</strong></span> 
     </span>
     <span class='ocr_line' id='line_1_7' title="bbox 384 923 2630 1021; baseline 0.001 -26"><span class='ocrx_word' id='word_1_38' title='bbox 384 927 544 1020; x_wconf 85' lang='lat' dir='ltr'><strong>pidi</strong></span> <span class='ocrx_word' id='word_1_39' title='bbox 571 923 946 1013; x_wconf 75' lang='lat' dir='ltr'><strong>transiere:</strong></span> <span class='ocrx_word' id='word_1_40' title='bbox 996 939 1455 1017; x_wconf 87' lang='lat' dir='ltr'><strong>postremum</strong></span> <span class='ocrx_word' id='word_1_41' title='bbox 1481 923 1918 1001; x_wconf 84' lang='lat' dir='ltr'><strong>auxiliorum</strong></span> <span class='ocrx_word' id='word_1_42' title='bbox 1943 944 2197 1013; x_wconf 81' lang='lat' dir='ltr'><strong>agmen</strong></span> <span class='ocrx_word' id='word_1_43' title='bbox 2224 924 2630 1021; x_wconf 83' lang='lat' dir='ltr'><strong>Batavique</strong></span> 
     </span>
    </p>
   </div>
   <div class='ocr_carea' id='block_1_4' title="bbox 379 1104 1462 1195">
    <p class='ocr_par' dir='ltr' id='par_1_4' title="bbox 379 1104 1462 1195">
     <span class='ocr_line' id='line_1_8' title="bbox 379 1104 1462 1195; baseline -0.006 -2"><span class='ocrx_word' id='word_1_44' title='bbox 379 1137 482 1195; x_wconf 75' lang='lat' dir='ltr'><strong>less</strong></span> <span class='ocrx_word' id='word_1_45' title='bbox 517 1135 589 1191; x_wconf 86' lang='lat' dir='ltr'><strong>ad</strong></span> <span class='ocrx_word' id='word_1_46' title='bbox 625 1133 680 1189; x_wconf 75' lang='lat' dir='ltr'><strong>h.</strong></span> <span class='ocrx_word' id='word_1_47' title='bbox 707 1112 755 1189; x_wconf 76' lang='grc'><strong>1.1</strong></span> <span class='ocrx_word' id='word_1_48' title='bbox 802 1104 892 1189; x_wconf 69' lang='grc' dir='ltr'><strong>ΔΑἱ</strong></span> <span class='ocrx_word' id='word_1_49' title='bbox 927 1150 1115 1187; x_wconf 85' lang='grc'><strong>11011110</strong></span> <span class='ocrx_word' id='word_1_50' title='bbox 1153 1134 1326 1190; x_wconf 88' lang='lat' dir='ltr'><strong>amnis</strong></span> <span class='ocrx_word' id='word_1_51' title='bbox 1369 1122 1462 1188; x_wconf 75' lang='lat' dir='ltr'><strong>ad-</strong></span> 
     </span>
    </p>
   </div>
   <div class='ocr_carea' id='block_1_5' title="bbox 287 1202 1464 1262">
    <p class='ocr_par' dir='ltr' id='par_1_5' title="bbox 287 1202 1464 1262">
     <span class='ocr_line' id='line_1_9' title="bbox 287 1202 1464 1262; baseline -0.005 -1"><span class='ocrx_word' id='word_1_52' title='bbox 287 1216 294 1232; x_wconf 93' lang='lat'><strong><em>¹</em></strong></span> <span class='ocrx_word' id='word_1_53' title='bbox 380 1205 627 1262; x_wconf 79' lang='lat' dir='ltr'><strong>ventanti</strong></span> <span class='ocrx_word' id='word_1_54' title='bbox 664 1203 837 1259; x_wconf 80' lang='lat' dir='ltr'><strong>’classi</strong></span> <span class='ocrx_word' id='word_1_55' title='bbox 887 1213 1006 1257; x_wconf 88' lang='lat' dir='ltr'><strong>tum</strong></span> <span class='ocrx_word' id='word_1_56' title='bbox 1058 1202 1219 1256; x_wconf 86' lang='lat' dir='ltr'><strong>etiam</strong></span> <span class='ocrx_word' id='word_1_57' title='bbox 1276 1203 1464 1259; x_wconf 84' lang='lat' dir='ltr'><strong>laevus</strong></span> 
     </span>
    </p>
   </div>
   <div class='ocr_carea' id='block_1_6' title="bbox 380 1271 1460 1346">
    <p class='ocr_par' dir='ltr' id='par_1_6' title="bbox 380 1271 1460 1346">
     <span class='ocr_line' id='line_1_10' title="bbox 380 1271 1460 1346; baseline -0.004 -17"><span class='ocrx_word' id='word_1_58' title='bbox 380 1275 515 1334; x_wconf 80' lang='lat' dir='ltr'><strong>fuit,</strong></span> <span class='ocrx_word' id='word_1_59' title='bbox 578 1274 623 1327; x_wconf 89' lang='lat' dir='ltr'><strong>si</strong></span> <span class='ocrx_word' id='word_1_60' title='bbox 659 1271 984 1346; x_wconf 87' lang='lat' dir='ltr'><strong>adpulerunt</strong></span> <span class='ocrx_word' id='word_1_61' title='bbox 1024 1271 1091 1325; x_wconf 87' lang='lat' dir='ltr'><strong>ad</strong></span> <span class='ocrx_word' id='word_1_62' title='bbox 1127 1272 1345 1326; x_wconf 86' lang='lat' dir='ltr'><strong>citerius</strong></span> <span class='ocrx_word' id='word_1_63' title='bbox 1386 1271 1460 1325; x_wconf 87' lang='grc'><strong>13·</strong></span> 
     </span>
    </p>
   </div>
   <div class='ocr_carea' id='block_1_7' title="bbox 383 1338 1484 1405">
    <p class='ocr_par' dir='ltr' id='par_1_7' title="bbox 383 1338 1484 1405">
     <span class='ocr_line' id='line_1_11' title="bbox 383 1338 1484 1405; baseline -0.007 -7"><span class='ocrx_word' id='word_1_64' title='bbox 383 1344 512 1399; x_wconf 78' lang='lat' dir='ltr'><strong>tus?</strong></span> <span class='ocrx_word' id='word_1_65' title='bbox 595 1340 733 1396; x_wconf 86' lang='lat' dir='ltr'><strong>Nam</strong></span> <span class='ocrx_word' id='word_1_66' title='bbox 791 1339 880 1393; x_wconf 81' lang='lat' dir='ltr'><strong>sac</strong></span> <span class='ocrx_word' id='word_1_67' title='bbox 933 1358 1092 1392; x_wconf 83' lang='lat' dir='ltr'><strong>naves</strong></span> <span class='ocrx_word' id='word_1_68' title='bbox 1143 1338 1484 1405; x_wconf 48' lang='lat' dir='ltr'><strong>constitisse„</strong></span> 
     </span>
    </p>
   </div>
   <div class='ocr_carea' id='block_1_8' title="bbox 288 1408 1466 3929">
    <p class='ocr_par' dir='ltr' id='par_1_8' title="bbox 288 1408 1466 3929">
     <span class='ocr_line' id='line_1_12' title="bbox 314 1408 1461 1477; baseline -0.003 -12"><span class='ocrx_word' id='word_1_69' title='bbox 314 1434 321 1441; x_wconf 62' lang='lat'>¹</span> <span class='ocrx_word' id='word_1_70' title='bbox 381 1412 476 1465; x_wconf 78' lang='lat' dir='ltr'><strong>ubi</strong></span> <span class='ocrx_word' id='word_1_71' title='bbox 504 1429 653 1467; x_wconf 85' lang='lat' dir='ltr'><strong>nunc</strong></span> <span class='ocrx_word' id='word_1_72' title='bbox 681 1408 1039 1477; x_wconf 65' lang='lat' dir='ltr'><strong>est&#39;Deifzyl,</strong></span> <span class='ocrx_word' id='word_1_73' title='bbox 1077 1418 1194 1462; x_wconf 90' lang='lat' dir='ltr'><strong>tum</strong></span> <span class='ocrx_word' id='word_1_74' title='bbox 1225 1410 1340 1462; x_wconf 89' lang='lat' dir='ltr'><strong>siue</strong></span> <span class='ocrx_word' id='word_1_75' title='bbox 1365 1409 1461 1461; x_wconf 88' lang='lat' dir='ltr'><strong>du·</strong></span> 
     </span>
     <span class='ocr_line' id='line_1_13' title="bbox 383 1475 1464 1534; baseline -0.003 -1"><span class='ocrx_word' id='word_1_76' title='bbox 383 1482 476 1534; x_wconf 88' lang='lat' dir='ltr'><strong>bio</strong></span> <span class='ocrx_word' id='word_1_77' title='bbox 508 1499 661 1533; x_wconf 86' lang='lat' dir='ltr'><strong>oram</strong></span> <span class='ocrx_word' id='word_1_78' title='bbox 689 1477 999 1532; x_wconf 81' lang='lat' dir='ltr'><strong>citeriorem</strong></span> <span class='ocrx_word' id='word_1_79' title='bbox 1029 1475 1330 1531; x_wconf 82' lang='lat' dir='ltr'><strong>habuerunt</strong></span> <span class='ocrx_word' id='word_1_80' title='bbox 1346 1478 1464 1530; x_wconf 84' lang='lat' dir='ltr'><strong>dex-</strong></span> 
     </span>
     <span class='ocr_line' id='line_1_14' title="bbox 378 1546 1466 1608; baseline -0.004 -6"><span class='ocrx_word' id='word_1_81' title='bbox 378 1557 554 1608; x_wconf 69' lang='lat' dir='ltr'><strong>tram,</strong></span> <span class='ocrx_word' id='word_1_82' title='bbox 600 1566 818 1600; x_wconf 87' lang='lat' dir='ltr'><strong>amnem</strong></span> <span class='ocrx_word' id='word_1_83' title='bbox 860 1546 1088 1598; x_wconf 83' lang='lat' dir='ltr'><strong>laevum.</strong></span> <span class='ocrx_word' id='word_1_84' title='bbox 1176 1546 1340 1598; x_wconf 90' lang='lat' dir='ltr'><strong>Vides</strong></span> <span class='ocrx_word' id='word_1_85' title='bbox 1384 1546 1466 1598; x_wconf 85' lang='lat' dir='ltr'><strong>sic</strong></span> 
     </span>
     <span class='ocr_line' id='line_1_15' title="bbox 384 1613 1461 1695; baseline -0.006 -25"><span class='ocrx_word' id='word_1_86' title='bbox 384 1617 607 1671; x_wconf 85' lang='lat' dir='ltr'><strong>nimiam</strong></span> <span class='ocrx_word' id='word_1_87' title='bbox 629 1635 741 1668; x_wconf 86' lang='lat' dir='ltr'><strong>esse</strong></span> <span class='ocrx_word' id='word_1_88' title='bbox 757 1613 1162 1683; x_wconf 70' lang='lat' dir='ltr'><strong>ambiguitatem</strong></span> <span class='ocrx_word' id='word_1_89' title='bbox 1183 1613 1461 1695; x_wconf 90' lang='lat' dir='ltr'><strong>opinandi.</strong></span> 
     </span>
     <span class='ocr_line' id='line_1_16' title="bbox 381 1682 1460 1739; baseline -0.006 -1"><span class='ocrx_word' id='word_1_90' title='bbox 381 1685 481 1739; x_wconf 88' lang='lat' dir='ltr'><strong>Sin</strong></span> <span class='ocrx_word' id='word_1_91' title='bbox 507 1702 635 1737; x_wconf 82' lang='lat' dir='ltr'><strong>vero</strong></span> <span class='ocrx_word' id='word_1_92' title='bbox 677 1684 852 1739; x_wconf 88' lang='lat' dir='ltr'><strong>amnis</strong></span> <span class='ocrx_word' id='word_1_93' title='bbox 894 1685 1094 1734; x_wconf 84' lang='lat' dir='ltr'><strong>laevus</strong></span> <span class='ocrx_word' id='word_1_94' title='bbox 1131 1682 1327 1736; x_wconf 71' lang='lat' dir='ltr'><strong>dicitur</strong></span> <span class='ocrx_word' id='word_1_95' title='bbox 1364 1701 1460 1733; x_wconf 89' lang='lat' dir='ltr'><strong>re-</strong></span> 
     </span>
     <span class='ocr_line' id='line_1_17' title="bbox 380 1748 1461 1825; baseline -0.005 -18"><span class='ocrx_word' id='word_1_96' title='bbox 380 1762 571 1825; x_wconf 87' lang='lat' dir='ltr'><strong>spectu</strong></span> <span class='ocrx_word' id='word_1_97' title='bbox 629 1752 715 1805; x_wconf 85' lang='lat' dir='ltr'><strong>sui</strong></span> <span class='ocrx_word' id='word_1_98' title='bbox 770 1751 966 1821; x_wconf 88' lang='lat' dir='ltr'><strong>ipsius,</strong></span> <span class='ocrx_word' id='word_1_99' title='bbox 1041 1753 1237 1803; x_wconf 83' lang='lat' dir='ltr'><strong>laevus</strong></span> <span class='ocrx_word' id='word_1_100' title='bbox 1282 1748 1461 1803; x_wconf 81' lang='lat' dir='ltr'><strong>amnis</strong></span> 
     </span>
     <span class='ocr_line' id='line_1_18' title="bbox 380 1817 1459 1891; baseline -0.006 -15"><span class='ocrx_word' id='word_1_101' title='bbox 380 1841 496 1876; x_wconf 90' lang='lat' dir='ltr'><strong>non</strong></span> <span class='ocrx_word' id='word_1_102' title='bbox 528 1828 707 1891; x_wconf 88' lang='lat' dir='ltr'><strong>potest</strong></span> <span class='ocrx_word' id='word_1_103' title='bbox 737 1838 850 1872; x_wconf 85' lang='lat' dir='ltr'><strong>esse</strong></span> <span class='ocrx_word' id='word_1_104' title='bbox 895 1817 1250 1879; x_wconf 75' lang='lat' dir='ltr'><strong>nisi,laevum</strong></span> <span class='ocrx_word' id='word_1_105' title='bbox 1285 1818 1459 1870; x_wconf 88' lang='lat' dir='ltr'><strong>amnis</strong></span> 
     </span>
     <span class='ocr_line' id='line_1_19' title="bbox 379 1885 1461 1958; baseline -0.006 -14"><span class='ocrx_word' id='word_1_106' title='bbox 379 1892 548 1953; x_wconf 81' lang='lat' dir='ltr'><strong>latuS,</strong></span> <span class='ocrx_word' id='word_1_107' title='bbox 585 1889 733 1958; x_wconf 87' lang='lat' dir='ltr'><strong>quod</strong></span> <span class='ocrx_word' id='word_1_108' title='bbox 762 1887 1059 1958; x_wconf 76' lang='lat' dir='ltr'><strong>opponitur</strong></span> <span class='ocrx_word' id='word_1_109' title='bbox 1093 1888 1296 1940; x_wconf 76' lang='lat' dir='ltr'><strong>dextro-</strong></span> <span class='ocrx_word' id='word_1_110' title='bbox 1367 1885 1461 1938; x_wconf 81' lang='lat' dir='ltr'><strong>Sic</strong></span> 
     </span>
     <span class='ocr_line' id='line_1_20' title="bbox 380 1953 1461 2028; baseline -0.004 -18"><span class='ocrx_word' id='word_1_111' title='bbox 380 1959 543 2028; x_wconf 81' lang='lat' dir='ltr'><strong>vulgo</strong></span> <span class='ocrx_word' id='word_1_112' title='bbox 582 1957 861 2028; x_wconf 87' lang='lat' dir='ltr'><strong>loquimur</strong></span> <span class='ocrx_word' id='word_1_113' title='bbox 891 1956 955 2008; x_wconf 91' lang='lat' dir='ltr'><strong>de</strong></span> <span class='ocrx_word' id='word_1_114' title='bbox 995 1955 1185 2008; x_wconf 78' lang='lat' dir='ltr'><strong>dextris</strong></span> <span class='ocrx_word' id='word_1_115' title='bbox 1217 1966 1266 2009; x_wconf 91' lang='lat' dir='ltr'><strong>et</strong></span> <span class='ocrx_word' id='word_1_116' title='bbox 1295 1953 1461 2009; x_wconf 86' lang='lat' dir='ltr'><strong>laevis</strong></span> 
     </span>
     <span class='ocr_line' id='line_1_21' title="bbox 377 2023 1461 2094; baseline -0.004 -14"><span class='ocrx_word' id='word_1_117' title='bbox 377 2027 679 2082; x_wconf 76' lang='lat' dir='ltr'><strong>fluviorum</strong></span> <span class='ocrx_word' id='word_1_118' title='bbox 710 2025 859 2094; x_wconf 89' lang='lat' dir='ltr'><strong>ripis.</strong></span> <span class='ocrx_word' id='word_1_119' title='bbox 932 2023 1074 2076; x_wconf 88' lang='lat' dir='ltr'><strong>Tum</strong></span> <span class='ocrx_word' id='word_1_120' title='bbox 1103 2025 1326 2077; x_wconf 81' lang='lat' dir='ltr'><strong>classem</strong></span> <span class='ocrx_word' id='word_1_121' title='bbox 1367 2023 1461 2076; x_wconf 86' lang='lat' dir='ltr'><strong>in·-</strong></span> 
     </span>
     <span class='ocr_line' id='line_1_22' title="bbox 378 2092 1460 2165; baseline -0.006 -15"><span class='ocrx_word' id='word_1_122' title='bbox 378 2097 585 2165; x_wconf 82' lang='lat' dir='ltr'><strong>telligas</strong></span> <span class='ocrx_word' id='word_1_123' title='bbox 625 2094 974 2148; x_wconf 74' lang='lat' dir='ltr'><strong>constitutam</strong></span> <span class='ocrx_word' id='word_1_124' title='bbox 1011 2094 1068 2144; x_wconf 89' lang='lat' dir='ltr'><strong>in</strong></span> <span class='ocrx_word' id='word_1_125' title='bbox 1091 2092 1275 2146; x_wconf 76' lang='lat' dir='ltr'><strong>‘latere</strong></span> <span class='ocrx_word' id='word_1_126' title='bbox 1316 2092 1460 2144; x_wconf 86' lang='lat' dir='ltr'><strong>occi-</strong></span> 
     </span>
     <span class='ocr_line' id='line_1_23' title="bbox 381 2161 1459 2233; baseline -0.006 -14"><span class='ocrx_word' id='word_1_127' title='bbox 381 2165 582 2219; x_wconf 85' lang='lat' dir='ltr'><strong>dentali</strong></span> <span class='ocrx_word' id='word_1_128' title='bbox 623 2163 735 2217; x_wconf 88' lang='lat' dir='ltr'><strong>eius</strong></span> <span class='ocrx_word' id='word_1_129' title='bbox 778 2161 960 2221; x_wconf 89' lang='lat' dir='ltr'><strong>sinus,</strong></span> <span class='ocrx_word' id='word_1_130' title='bbox 1012 2161 1071 2213; x_wconf 89' lang='lat' dir='ltr'><strong>in</strong></span> <span class='ocrx_word' id='word_1_131' title='bbox 1101 2180 1262 2232; x_wconf 89' lang='lat' dir='ltr'><strong>quem</strong></span> <span class='ocrx_word' id='word_1_132' title='bbox 1290 2161 1459 2233; x_wconf 73' lang='lat' dir='ltr'><strong>effun-</strong></span> 
     </span>
     <span class='ocr_line' id='line_1_24' title="bbox 336 2228 1459 2298; baseline -0.004 -11"><span class='ocrx_word' id='word_1_133' title='bbox 336 2242 347 2259; x_wconf 87' lang='grc'><strong>’</strong></span> <span class='ocrx_word' id='word_1_134' title='bbox 381 2233 529 2287; x_wconf 85' lang='lat' dir='ltr'><strong>ditur</strong></span> <span class='ocrx_word' id='word_1_135' title='bbox 567 2228 801 2292; x_wconf 85' lang='lat' dir='ltr'><strong>Amisia,</strong></span> <span class='ocrx_word' id='word_1_136' title='bbox 851 2231 944 2282; x_wconf 87' lang='lat' dir='ltr'><strong>ubi</strong></span> <span class='ocrx_word' id='word_1_137' title='bbox 982 2250 1131 2283; x_wconf 88' lang='lat' dir='ltr'><strong>nunc</strong></span> <span class='ocrx_word' id='word_1_138' title='bbox 1169 2241 1250 2283; x_wconf 91' lang='lat' dir='ltr'><strong>est</strong></span> <span class='ocrx_word' id='word_1_139' title='bbox 1285 2228 1459 2298; x_wconf 59' lang='lat' dir='ltr'><strong>Delf-</strong></span> 
     </span>
     <span class='ocr_line' id='line_1_25' title="bbox 379 2298 1455 2372; baseline -0.005 -18"><span class='ocrx_word' id='word_1_140' title='bbox 379 2305 500 2372; x_wconf 79' lang='lat' dir='ltr'><strong>zyl;</strong></span> <span class='ocrx_word' id='word_1_141' title='bbox 558 2318 751 2355; x_wconf 86' lang='lat' dir='ltr'><strong>vocem</strong></span> <span class='ocrx_word' id='word_1_142' title='bbox 800 2300 1052 2351; x_wconf 83' lang='lat' dir='ltr'><strong>Amisiae</strong></span> <span class='ocrx_word' id='word_1_143' title='bbox 1106 2298 1338 2368; x_wconf 84' lang='lat' dir='ltr'><strong>accipias</strong></span> <span class='ocrx_word' id='word_1_144' title='bbox 1387 2299 1455 2350; x_wconf 86' lang='lat' dir='ltr'><strong>de</strong></span> 
     </span>
     <span class='ocr_line' id='line_1_26' title="bbox 379 2366 1455 2436; baseline -0.007 -12"><span class='ocrx_word' id='word_1_145' title='bbox 379 2372 505 2424; x_wconf 86' lang='lat' dir='ltr'><strong>loco</strong></span> <span class='ocrx_word' id='word_1_146' title='bbox 533 2367 790 2429; x_wconf 83' lang='lat' dir='ltr'><strong>stationis,</strong></span> <span class='ocrx_word' id='word_1_147' title='bbox 820 2366 1020 2436; x_wconf 86' lang='lat' dir='ltr'><strong>oppido</strong></span> <span class='ocrx_word' id='word_1_148' title='bbox 1046 2368 1296 2425; x_wconf 78' lang='lat' dir='ltr'><strong>autvi00‚</strong></span> <span class='ocrx_word' id='word_1_149' title='bbox 1324 2385 1455 2418; x_wconf 59' lang='lat' dir='ltr'><strong>con-v</strong></span> 
     </span>
     <span class='ocr_line' id='line_1_27' title="bbox 378 2434 1457 2515; baseline -0.006 -23"><span class='ocrx_word' id='word_1_150' title='bbox 378 2436 458 2493; x_wconf 80' lang='lat' dir='ltr'><strong>tra</strong></span> <span class='ocrx_word' id='word_1_151' title='bbox 487 2435 752 2491; x_wconf 84' lang='lat' dir='ltr'><strong>Amisiam</strong></span> <span class='ocrx_word' id='word_1_152' title='bbox 778 2436 1084 2495; x_wconf 70' lang='lat' dir='ltr'><strong>civitatem,</strong></span> <span class='ocrx_word' id='word_1_153' title='bbox 1120 2453 1259 2515; x_wconf 82' lang='lat' dir='ltr'><strong>quae</strong></span> <span class='ocrx_word' id='word_1_154' title='bbox 1293 2434 1457 2487; x_wconf 86' lang='lat' dir='ltr'><strong>hodie</strong></span> 
     </span>
     <span class='ocr_line' id='line_1_28' title="bbox 379 2501 1459 2573; baseline -0.005 -13"><span class='ocrx_word' id='word_1_155' title='bbox 379 2517 486 2565; x_wconf 88' lang='lat' dir='ltr'><strong>est,</strong></span> <span class='ocrx_word' id='word_1_156' title='bbox 525 2505 648 2558; x_wconf 89' lang='lat' dir='ltr'><strong>sito.</strong></span> <span class='ocrx_word' id='word_1_157' title='bbox 723 2503 877 2556; x_wconf 86' lang='lat' dir='ltr'><strong>Hanc</strong></span> <span class='ocrx_word' id='word_1_158' title='bbox 906 2502 1313 2573; x_wconf 70' lang='lat' dir='ltr'><strong>explicationem</strong></span> <span class='ocrx_word' id='word_1_159' title='bbox 1358 2501 1459 2555; x_wconf 90' lang='lat' dir='ltr'><strong>de-</strong></span> 
     </span>
     <span class='ocr_line' id='line_1_29' title="bbox 377 2570 1455 2638; baseline -0.005 -9"><span class='ocrx_word' id='word_1_160' title='bbox 377 2577 578 2630; x_wconf 83' lang='lat' dir='ltr'><strong>derunt</strong></span> <span class='ocrx_word' id='word_1_161' title='bbox 602 2572 862 2634; x_wconf 82' lang='lat' dir='ltr'><strong>Mannert</strong></span> <span class='ocrx_word' id='word_1_162' title='bbox 891 2571 967 2638; x_wconf 90' lang='lat' dir='ltr'><strong>(in</strong></span> <span class='ocrx_word' id='word_1_163' title='bbox 989 2572 1186 2637; x_wconf 82' lang='lat' dir='ltr'><strong>Geogr.</strong></span> <span class='ocrx_word' id='word_1_164' title='bbox 1206 2576 1340 2624; x_wconf 85' lang='lat' dir='ltr'><strong>Ant.</strong></span> <span class='ocrx_word' id='word_1_165' title='bbox 1358 2570 1455 2624; x_wconf 77' lang='lat'><strong>111.</strong></span> 
     </span>
     <span class='ocr_line' id='line_1_30' title="bbox 377 2640 1456 2716; baseline -0.007 -19"><span class='ocrx_word' id='word_1_166' title='bbox 377 2661 435 2716; x_wconf 91' lang='lat' dir='ltr'><strong>p.</strong></span> <span class='ocrx_word' id='word_1_167' title='bbox 470 2643 620 2710; x_wconf 86' lang='lat'><strong>104),</strong></span> <span class='ocrx_word' id='word_1_168' title='bbox 658 2640 941 2692; x_wconf 85' lang='lat' dir='ltr'><strong>Wilhelm</strong></span> <span class='ocrx_word' id='word_1_169' title='bbox 974 2640 1177 2705; x_wconf 84' lang='lat' dir='ltr'><strong>(Ueber</strong></span> <span class='ocrx_word' id='word_1_170' title='bbox 1205 2640 1456 2691; x_wconf 86' lang='lat' dir='ltr'><strong>Germa-</strong></span> 
     </span>
     <span class='ocr_line' id='line_1_31' title="bbox 377 2708 1451 2780; baseline -0.006 -15"><span class='ocrx_word' id='word_1_171' title='bbox 377 2713 531 2765; x_wconf 78' lang='lat' dir='ltr'><strong>nien.</strong></span> <span class='ocrx_word' id='word_1_172' title='bbox 586 2708 855 2780; x_wconf 84' lang='lat' dir='ltr'><strong>Weimar</strong></span> <span class='ocrx_word' id='word_1_173' title='bbox 896 2708 1080 2776; x_wconf 75' lang='lat'><strong>1823).</strong></span> <span class='ocrx_word' id='word_1_174' title='bbox 1143 2708 1451 2775; x_wconf 73' lang='lat' dir='ltr'><strong>Cluverius,</strong></span> 
     </span>
     <span class='ocr_line' id='line_1_32' title="bbox 374 2774 1452 2845; baseline -0.003 -11"><span class='ocrx_word' id='word_1_175' title='bbox 374 2774 812 2837; x_wconf 82' lang='lat' dir='ltr'><strong>Freinshemius,</strong></span> <span class='ocrx_word' id='word_1_176' title='bbox 893 2777 1171 2830; x_wconf 90' lang='lat' dir='ltr'><strong>Ernestius</strong></span> <span class='ocrx_word' id='word_1_177' title='bbox 1232 2776 1452 2845; x_wconf 85' lang='lat' dir='ltr'><strong>aliique.</strong></span> 
     </span>
     <span class='ocr_line' id='line_1_33' title="bbox 373 2844 1451 2920; baseline -0.002 -18"><span class='ocrx_word' id='word_1_178' title='bbox 373 2848 565 2920; x_wconf 89' lang='lat' dir='ltr'><strong>Neque</strong></span> <span class='ocrx_word' id='word_1_179' title='bbox 594 2845 832 2908; x_wconf 84' lang='lat' dir='ltr'><strong>dubites,</strong></span> <span class='ocrx_word' id='word_1_180' title='bbox 870 2844 970 2898; x_wconf 88' lang='lat' dir='ltr'><strong>hos</strong></span> <span class='ocrx_word' id='word_1_181' title='bbox 1004 2865 1194 2898; x_wconf 80' lang='lat' dir='ltr'><strong>verum</strong></span> <span class='ocrx_word' id='word_1_182' title='bbox 1230 2844 1451 2901; x_wconf 86' lang='lat' dir='ltr'><strong>vidisse.</strong></span> 
     </span>
     <span class='ocr_line' id='line_1_34' title="bbox 380 2916 1454 2985; baseline -0.007 -13"><span class='ocrx_word' id='word_1_183' title='bbox 380 2917 523 2971; x_wconf 88' lang='lat' dir='ltr'><strong>Nam</strong></span> <span class='ocrx_word' id='word_1_184' title='bbox 551 2924 733 2985; x_wconf 89' lang='lat' dir='ltr'><strong>aperte</strong></span> <span class='ocrx_word' id='word_1_185' title='bbox 757 2917 954 2967; x_wconf 82' lang='lat' dir='ltr'><strong>laevus</strong></span> <span class='ocrx_word' id='word_1_186' title='bbox 984 2916 1180 2967; x_wconf 78' lang='lat' dir='ltr'><strong>amnis</strong></span> <span class='ocrx_word' id='word_1_187' title='bbox 1214 2923 1265 2966; x_wconf 89' lang='lat' dir='ltr'><strong>et</strong></span> <span class='ocrx_word' id='word_1_188' title='bbox 1300 2917 1454 2965; x_wconf 78' lang='lat' dir='ltr'><strong>dex-</strong></span> 
     </span>
     <span class='ocr_line' id='line_1_35' title="bbox 322 2982 1455 3054; baseline -0.006 -14"><span class='ocrx_word' id='word_1_189' title='bbox 322 2982 330 2994; x_wconf 89' lang='grc'>’</span> <span class='ocrx_word' id='word_1_190' title='bbox 379 2997 507 3040; x_wconf 83' lang='lat' dir='ltr'><strong>trae</strong></span> <span class='ocrx_word' id='word_1_191' title='bbox 540 2997 736 3037; x_wconf 82' lang='lat' dir='ltr'><strong>terrae</strong></span> <span class='ocrx_word' id='word_1_192' title='bbox 765 2982 854 3046; x_wconf 87' lang='lat' dir='ltr'><strong>hic</strong></span> <span class='ocrx_word' id='word_1_193' title='bbox 879 2982 1115 3040; x_wconf 80' lang='lat' dir='ltr'><strong>invicem</strong></span> <span class='ocrx_word' id='word_1_194' title='bbox 1142 2982 1245 3035; x_wconf 90' lang='lat' dir='ltr'><strong>sibi</strong></span> <span class='ocrx_word' id='word_1_195' title='bbox 1273 3001 1455 3054; x_wconf 89' lang='lat' dir='ltr'><strong>oppo-</strong></span> 
     </span>
     <span class='ocr_line' id='line_1_36' title="bbox 374 3052 1456 3110; baseline -0.008 0"><span class='ocrx_word' id='word_1_196' title='bbox 374 3064 599 3110; x_wconf 85' lang='lat' dir='ltr'><strong>nuntur.</strong></span> <span class='ocrx_word' id='word_1_197' title='bbox 695 3052 965 3110; x_wconf 73' lang='lat' dir='ltr'><strong>Dextrae</strong></span> <span class='ocrx_word' id='word_1_198' title='bbox 1030 3062 1208 3104; x_wconf 87' lang='lat' dir='ltr'><strong>autem</strong></span> <span class='ocrx_word' id='word_1_199' title='bbox 1265 3061 1456 3103; x_wconf 77' lang='lat' dir='ltr'><strong>terrae</strong></span> 
     </span>
     <span class='ocr_line' id='line_1_37' title="bbox 375 3119 1454 3193; baseline -0.007 -15"><span class='ocrx_word' id='word_1_200' title='bbox 375 3143 492 3178; x_wconf 89' lang='lat' dir='ltr'><strong>non</strong></span> <span class='ocrx_word' id='word_1_201' title='bbox 530 3129 757 3193; x_wconf 82' lang='lat' dir='ltr'><strong>possunt</strong></span> <span class='ocrx_word' id='word_1_202' title='bbox 795 3119 1021 3189; x_wconf 82' lang='lat' dir='ltr'><strong>intelligi</strong></span> <span class='ocrx_word' id='word_1_203' title='bbox 1057 3120 1163 3174; x_wconf 89' lang='lat' dir='ltr'><strong>nisi</strong></span> <span class='ocrx_word' id='word_1_204' title='bbox 1190 3130 1363 3171; x_wconf 67' lang='lat' dir='ltr'><strong>terrae</strong></span> <span class='ocrx_word' id='word_1_205' title='bbox 1394 3119 1454 3170; x_wconf 83' lang='lat' dir='ltr'><strong>in</strong></span> 
     </span>
     <span class='ocr_line' id='line_1_38' title="bbox 377 3187 1455 3259; baseline -0.005 -15"><span class='ocrx_word' id='word_1_206' title='bbox 377 3194 558 3247; x_wconf 87' lang='lat' dir='ltr'><strong>dextra</strong></span> <span class='ocrx_word' id='word_1_207' title='bbox 610 3189 847 3242; x_wconf 87' lang='lat' dir='ltr'><strong>Amisiae</strong></span> <span class='ocrx_word' id='word_1_208' title='bbox 897 3188 1014 3259; x_wconf 87' lang='lat' dir='ltr'><strong>ripa</strong></span> <span class='ocrx_word' id='word_1_209' title='bbox 1069 3187 1263 3245; x_wconf 88' lang='lat' dir='ltr'><strong>obviae</strong></span> <span class='ocrx_word' id='word_1_210' title='bbox 1311 3189 1455 3240; x_wconf 82' lang='lat' dir='ltr'><strong>inter</strong></span> 
     </span>
     <span class='ocr_line' id='line_1_39' title="bbox 375 3254 1453 3328; baseline -0.007 -13"><span class='ocrx_word' id='word_1_211' title='bbox 375 3258 638 3315; x_wconf 79' lang='lat' dir='ltr'><strong>Amisiam</strong></span> <span class='ocrx_word' id='word_1_212' title='bbox 668 3267 719 3309; x_wconf 91' lang='lat' dir='ltr'><strong>et</strong></span> <span class='ocrx_word' id='word_1_213' title='bbox 736 3255 1040 3326; x_wconf 85' lang='lat' dir='ltr'><strong>Visurgim,</strong></span> <span class='ocrx_word' id='word_1_214' title='bbox 1069 3258 1127 3308; x_wconf 90' lang='lat' dir='ltr'><strong>in</strong></span> <span class='ocrx_word' id='word_1_215' title='bbox 1155 3275 1287 3328; x_wconf 86' lang='lat' dir='ltr'><strong>quas</strong></span> <span class='ocrx_word' id='word_1_216' title='bbox 1312 3254 1453 3308; x_wconf 86' lang='lat' dir='ltr'><strong>itum</strong></span> 
     </span>
     <span class='ocr_line' id='line_1_40' title="bbox 376 3325 1176 3406; baseline -0.009 -21"><span class='ocrx_word' id='word_1_217' title='bbox 376 3348 490 3385; x_wconf 88' lang='lat' dir='ltr'><strong>esse</strong></span> <span class='ocrx_word' id='word_1_218' title='bbox 515 3335 723 3381; x_wconf 89' lang='lat' dir='ltr'><strong>constat</strong></span> <span class='ocrx_word' id='word_1_219' title='bbox 752 3344 780 3377; x_wconf 90' lang='lat' dir='ltr'><strong>e</strong></span> <span class='ocrx_word' id='word_1_220' title='bbox 809 3325 1176 3406; x_wconf 83' lang='lat' dir='ltr'><strong>sequentibus.</strong></span> 
     </span>
     <span class='ocr_line' id='line_1_41' title="bbox 445 3395 1452 3462; baseline -0.008 -12"><span class='ocrx_word' id='word_1_221' title='bbox 445 3403 818 3462; x_wconf 84' lang='lat' dir='ltr'><strong>erratumque</strong></span> <span class='ocrx_word' id='word_1_222' title='bbox 867 3410 924 3443; x_wconf 85' lang='lat' dir='ltr'><strong>m</strong></span> <span class='ocrx_word' id='word_1_223' title='bbox 982 3412 1078 3455; x_wconf 85' lang='lat' dir='ltr'><strong>eo,</strong></span> <span class='ocrx_word' id='word_1_224' title='bbox 1138 3395 1289 3461; x_wconf 83' lang='lat' dir='ltr'><strong>quod</strong></span> <span class='ocrx_word' id='word_1_225' title='bbox 1334 3407 1452 3446; x_wconf 82' lang='lat' dir='ltr'><strong>non</strong></span> 
     </span>
     <span class='ocr_line' id='line_1_42' title="bbox 370 3460 1452 3521; baseline -0.005 -4"><span class='ocrx_word' id='word_1_226' title='bbox 370 3463 655 3521; x_wconf 76' lang='lat' dir='ltr'><strong>subvexit.</strong></span> <span class='ocrx_word' id='word_1_227' title='bbox 741 3462 830 3514; x_wconf 89' lang='lat' dir='ltr'><strong>Sc.</strong></span> <span class='ocrx_word' id='word_1_228' title='bbox 873 3460 1016 3515; x_wconf 89' lang='lat' dir='ltr'><strong>intra</strong></span> <span class='ocrx_word' id='word_1_229' title='bbox 1054 3460 1299 3514; x_wconf 89' lang='lat' dir='ltr'><strong>fluminis</strong></span> <span class='ocrx_word' id='word_1_230' title='bbox 1355 3478 1452 3512; x_wconf 86' lang='lat' dir='ltr'><strong>ora</strong></span> 
     </span>
     <span class='ocr_line' id='line_1_43' title="bbox 372 3526 1452 3605; baseline -0.006 -19"><span class='ocrx_word' id='word_1_231' title='bbox 372 3549 544 3605; x_wconf 81' lang='lat' dir='ltr'><strong>usque</strong></span> <span class='ocrx_word' id='word_1_232' title='bbox 573 3530 639 3582; x_wconf 89' lang='lat' dir='ltr'><strong>ad</strong></span> <span class='ocrx_word' id='word_1_233' title='bbox 670 3526 1034 3592; x_wconf 83' lang='lat' dir='ltr'><strong>eum&#39;locum,</strong></span> <span class='ocrx_word' id='word_1_234' title='bbox 1083 3530 1178 3582; x_wconf 92' lang='lat' dir='ltr'><strong>ubi</strong></span> <span class='ocrx_word' id='word_1_235' title='bbox 1221 3527 1452 3582; x_wconf 86' lang='lat' dir='ltr'><strong>militem</strong></span> 
     </span>
     <span class='ocr_line' id='line_1_44' title="bbox 373 3597 1452 3667; baseline -0.006 -13"><span class='ocrx_word' id='word_1_236' title='bbox 373 3623 404 3657; x_wconf 87' lang='lat' dir='ltr'><strong>e</strong></span> <span class='ocrx_word' id='word_1_237' title='bbox 442 3598 672 3658; x_wconf 85' lang='lat' dir='ltr'><strong>navibus</strong></span> <span class='ocrx_word' id='word_1_238' title='bbox 708 3599 766 3650; x_wconf 90' lang='lat' dir='ltr'><strong>in</strong></span> <span class='ocrx_word' id='word_1_239' title='bbox 803 3598 1038 3650; x_wconf 74' lang='lat' dir='ltr'><strong>dextram</strong></span> <span class='ocrx_word' id='word_1_240' title='bbox 1073 3597 1244 3650; x_wconf 89' lang='lat' dir='ltr'><strong>amnis</strong></span> <span class='ocrx_word' id='word_1_241' title='bbox 1273 3597 1452 3667; x_wconf 81' lang='lat' dir='ltr'><strong>ripam</strong></span> 
     </span>
     <span class='ocr_line' id='line_1_45' title="bbox 374 3663 1449 3741; baseline -0.007 -18"><span class='ocrx_word' id='word_1_242' title='bbox 374 3677 680 3741; x_wconf 83' lang='lat' dir='ltr'><strong>exponeret.</strong></span> <span class='ocrx_word' id='word_1_243' title='bbox 728 3665 912 3725; x_wconf 59' lang='lat' dir='ltr'><strong>,Tum</strong></span> <span class='ocrx_word' id='word_1_244' title='bbox 952 3666 1203 3721; x_wconf 85' lang='lat' dir='ltr'><strong>evitasset</strong></span> <span class='ocrx_word' id='word_1_245' title='bbox 1237 3663 1449 3717; x_wconf 86' lang='lat' dir='ltr'><strong>incom-</strong></span> 
     </span>
     <span class='ocr_line' id='line_1_46' title="bbox 288 3733 1449 3818; baseline -0.006 -24"><span class='ocrx_word' id='word_1_246' title='bbox 288 3789 294 3794; x_wconf 92' lang='lat'><strong>.</strong></span> <span class='ocrx_word' id='word_1_247' title='bbox 374 3739 538 3793; x_wconf 87' lang='lat' dir='ltr'><strong>moda</strong></span> <span class='ocrx_word' id='word_1_248' title='bbox 559 3754 683 3789; x_wconf 87' lang='lat' dir='ltr'><strong>cum</strong></span> <span class='ocrx_word' id='word_1_249' title='bbox 705 3734 1118 3818; x_wconf 68' lang='lat' dir='ltr'><strong>transpositione</strong></span> <span class='ocrx_word' id='word_1_250' title='bbox 1139 3733 1449 3789; x_wconf 83' lang='lat' dir='ltr'><strong>coniuncta.</strong></span> 
     </span>
     <span class='ocr_line' id='line_1_47' title="bbox 371 3799 1450 3869; baseline -0.008 -8"><span class='ocrx_word' id='word_1_251' title='bbox 371 3807 726 3864; x_wconf 81' lang='lat' dir='ltr'><strong>Subvehere,</strong></span> <span class='ocrx_word' id='word_1_252' title='bbox 775 3800 882 3855; x_wconf 78' lang='grc' dir='ltr'><strong>ἀνα</strong></span> <span class='ocrx_word' id='word_1_253' title='bbox 925 3819 1036 3869; x_wconf 81' lang='grc' dir='ltr'><em>ειν,</em></span> <span class='ocrx_word' id='word_1_254' title='bbox 1088 3799 1309 3856; x_wconf 80' lang='lat' dir='ltr'><strong>adverso</strong></span> <span class='ocrx_word' id='word_1_255' title='bbox 1334 3801 1450 3854; x_wconf 86' lang='lat' dir='ltr'><strong>flu·-</strong></span> 
     </span>
     <span class='ocr_line' id='line_1_48' title="bbox 373 3871 1449 3929; baseline -0.007 -1"><span class='ocrx_word' id='word_1_256' title='bbox 373 3876 525 3929; x_wconf 89' lang='lat' dir='ltr'><strong>mine</strong></span> <span class='ocrx_word' id='word_1_257' title='bbox 559 3872 777 3927; x_wconf 88' lang='lat' dir='ltr'><strong>vehere.</strong></span> <span class='ocrx_word' id='word_1_258' title='bbox 851 3892 881 3925; x_wconf 92' lang='lat' dir='ltr'><strong>c</strong></span> <span class='ocrx_word' id='word_1_259' title='bbox 909 3909 924 3925; x_wconf 91' lang='lat'><strong>.</strong></span> <span class='ocrx_word' id='word_1_260' title='bbox 954 3871 1086 3925; x_wconf 84' lang='lat' dir='ltr'><strong>infr.</strong></span> <span class='ocrx_word' id='word_1_261' title='bbox 1115 3890 1162 3924; x_wconf 89' lang='grc'><strong>0.</strong></span> <span class='ocrx_word' id='word_1_262' title='bbox 1189 3872 1276 3923; x_wconf 89' lang='lat'><strong>60.</strong></span> <span class='ocrx_word' id='word_1_263' title='bbox 1319 3871 1449 3922; x_wconf 86' lang='lat' dir='ltr'><strong>Nilo</strong></span> 
     </span>
    </p>
   </div>
   <div class='ocr_carea' id='block_1_9' title="bbox 170 3921 1442 4006">
    <p class='ocr_par' dir='ltr' id='par_1_9' title="bbox 170 3921 1442 4006">
     <span class='ocr_line' id='line_1_49' title="bbox 170 3921 1442 4006; baseline -0.005 -8"><span class='ocrx_word' id='word_1_264' title='bbox 170 3921 179 3938; x_wconf 37' lang='grc' dir='ltr'><strong><em>ε</em></strong></span> <span class='ocrx_word' id='word_1_265' title='bbox 274 3987 286 4005; x_wconf 78' lang='grc'>,</span> <span class='ocrx_word' id='word_1_266' title='bbox 371 3944 801 3998; x_wconf 68' lang='grc' dir='ltr'><strong>εαόυεήεὸαίιιν.</strong></span> <span class='ocrx_word' id='word_1_267' title='bbox 873 3935 1107 3993; x_wconf 58' lang='lat' dir='ltr'><strong>Sueton.</strong></span> <span class='ocrx_word' id='word_1_268' title='bbox 1135 3939 1253 3993; x_wconf 88' lang='lat' dir='ltr'><strong>Cal.</strong></span> <span class='ocrx_word' id='word_1_269' title='bbox 1281 3938 1442 4006; x_wconf 79' lang='grc'><strong>0.15.</strong></span> 
     </span>
    </p>
   </div>
   <div class='ocr_carea' id='block_1_10' title="bbox 292 4007 1449 4285">
    <p class='ocr_par' dir='ltr' id='par_1_10' title="bbox 292 4007 1449 4285">
     <span class='ocr_line' id='line_1_50' title="bbox 373 4007 1445 4078; baseline -0.006 -14"><span class='ocrx_word' id='word_1_270' title='bbox 373 4015 508 4065; x_wconf 82' lang='lat' dir='ltr'><strong>inde</strong></span> <span class='ocrx_word' id='word_1_271' title='bbox 548 4007 748 4078; x_wconf 86' lang='lat' dir='ltr'><strong>(Ostia)</strong></span> <span class='ocrx_word' id='word_1_272' title='bbox 793 4010 1048 4063; x_wconf 84' lang='lat' dir='ltr'><strong>Romam</strong></span> <span class='ocrx_word' id='word_1_273' title='bbox 1091 4007 1282 4060; x_wconf 80' lang='lat' dir='ltr'><strong>Tiberi</strong></span> <span class='ocrx_word' id='word_1_274' title='bbox 1309 4010 1445 4059; x_wconf 86' lang='lat' dir='ltr'><strong>sub-</strong></span> 
     </span>
     <span class='ocr_line' id='line_1_51' title="bbox 373 4075 1449 4147; baseline -0.001 -17"><span class='ocrx_word' id='word_1_275' title='bbox 373 4090 576 4133; x_wconf 77' lang='lat' dir='ltr'><strong>vectos·</strong></span> <span class='ocrx_word' id='word_1_276' title='bbox 663 4078 776 4130; x_wconf 85' lang='lat' dir='ltr'><strong>lam</strong></span> <span class='ocrx_word' id='word_1_277' title='bbox 812 4078 1134 4147; x_wconf 89' lang='lat' dir='ltr'><strong>interpretes</strong></span> <span class='ocrx_word' id='word_1_278' title='bbox 1170 4075 1260 4129; x_wconf 77' lang='lat' dir='ltr'><strong>hic</strong></span> <span class='ocrx_word' id='word_1_279' title='bbox 1300 4075 1449 4131; x_wconf 84' lang='lat' dir='ltr'><strong>inve-</strong></span> 
     </span>
     <span class='ocr_line' id='line_1_52' title="bbox 292 4143 1449 4228; baseline -0.005 -24"><span class='ocrx_word' id='word_1_280' title='bbox 292 4149 295 4152; x_wconf 61' lang='grc'>’</span> <span class='ocrx_word' id='word_1_281' title='bbox 372 4149 532 4203; x_wconf 87' lang='lat' dir='ltr'><strong>niunt</strong></span> <span class='ocrx_word' id='word_1_282' title='bbox 558 4146 743 4201; x_wconf 87' lang='lat' dir='ltr'><strong>nescio</strong></span> <span class='ocrx_word' id='word_1_283' title='bbox 769 4146 900 4216; x_wconf 89' lang='lat' dir='ltr'><strong>quid</strong></span> <span class='ocrx_word' id='word_1_284' title='bbox 922 4143 1309 4224; x_wconf 71' lang='lat' dir='ltr'><strong>impedimenti,</strong></span> <span class='ocrx_word' id='word_1_285' title='bbox 1338 4163 1449 4228; x_wconf 77' lang='lat' dir='ltr'><strong>quo</strong></span> 
     </span>
     <span class='ocr_line' id='line_1_53' title="bbox 373 4213 1449 4285; baseline -0.011 -14"><span class='ocrx_word' id='word_1_286' title='bbox 373 4218 557 4271; x_wconf 86' lang='lat' dir='ltr'><strong>minus</strong></span> <span class='ocrx_word' id='word_1_287' title='bbox 598 4217 740 4270; x_wconf 89' lang='lat' dir='ltr'><strong>bene</strong></span> <span class='ocrx_word' id='word_1_288' title='bbox 777 4214 1037 4285; x_wconf 86' lang='lat' dir='ltr'><strong>procedat</strong></span> <span class='ocrx_word' id='word_1_289' title='bbox 1076 4221 1281 4279; x_wconf 71' lang='lat' dir='ltr'><strong>oratio3</strong></span> <span class='ocrx_word' id='word_1_290' title='bbox 1337 4213 1449 4265; x_wconf 78' lang='lat' dir='ltr'><strong>hr-</strong></span> 
     </span>
    </p>
   </div>
   <div class='ocr_carea' id='block_1_11' title="bbox 279 4281 1448 4342">
    <p class='ocr_par' dir='ltr' id='par_1_11' title="bbox 279 4281 1448 4342">
     <span class='ocr_line' id='line_1_54' title="bbox 279 4281 1448 4342; baseline -0.005 0"><span class='ocrx_word' id='word_1_291' title='bbox 279 4336 296 4342; x_wconf 78' lang='lat'><strong>-</strong></span> <span class='ocrx_word' id='word_1_292' title='bbox 376 4284 577 4338; x_wconf 85' lang='lat' dir='ltr'><strong>nestius</strong></span> <span class='ocrx_word' id='word_1_293' title='bbox 621 4282 709 4339; x_wconf 91' lang='lat' dir='ltr'><strong>vel</strong></span> <span class='ocrx_word' id='word_1_294' title='bbox 751 4282 808 4337; x_wconf 91' lang='lat' dir='ltr'><strong>in</strong></span> <span class='ocrx_word' id='word_1_295' title='bbox 861 4281 1246 4336; x_wconf 87' lang='lat' dir='ltr'><strong>detrimentum</strong></span> <span class='ocrx_word' id='word_1_296' title='bbox 1298 4281 1448 4336; x_wconf 85' lang='lat' dir='ltr'><strong>verbi</strong></span> 
     </span>
    </p>
   </div>
   <div class='ocr_carea' id='block_1_12' title="bbox 376 4347 1447 4421">
    <p class='ocr_par' dir='ltr' id='par_1_12' title="bbox 376 4347 1447 4421">
     <span class='ocr_line' id='line_1_55' title="bbox 376 4347 1447 4421; baseline 0 -16"><span class='ocrx_word' id='word_1_297' title='bbox 376 4353 732 4421; x_wconf 79' lang='lat' dir='ltr'><strong>transposuit</strong></span> <span class='ocrx_word' id='word_1_298' title='bbox 781 4347 1102 4406; x_wconf 82' lang='lat' dir='ltr'><strong>sententiam</strong></span> <span class='ocrx_word' id='word_1_299' title='bbox 1150 4349 1290 4407; x_wconf 85' lang='lat' dir='ltr'><strong>tulit.</strong></span> <span class='ocrx_word' id='word_1_300' title='bbox 1373 4352 1447 4405; x_wconf 75' lang='lat' dir='ltr'><strong>At</strong></span> 
     </span>
    </p>
   </div>
   <div class='ocr_carea' id='block_1_13' title="bbox 1545 1132 2633 1616">
    <p class='ocr_par' dir='ltr' id='par_1_13' title="bbox 1545 1132 2633 1616">
     <span class='ocr_line' id='line_1_56' title="bbox 1545 1132 2631 1200; baseline 0.003 -11"><span class='ocrx_word' id='word_1_301' title='bbox 1545 1133 1679 1189; x_wconf 83' lang='lat' dir='ltr'><strong>nihil</strong></span> <span class='ocrx_word' id='word_1_302' title='bbox 1734 1134 1889 1188; x_wconf 84' lang='lat' dir='ltr'><strong>locu’s</strong></span> <span class='ocrx_word' id='word_1_303' title='bbox 1939 1132 2181 1200; x_wconf 86' lang='lat' dir='ltr'><strong>laborat,</strong></span> <span class='ocrx_word' id='word_1_304' title='bbox 2239 1134 2347 1190; x_wconf 84' lang='lat' dir='ltr'><strong>nisi</strong></span> <span class='ocrx_word' id='word_1_305' title='bbox 2385 1137 2631 1193; x_wconf 80' lang='lat' dir='ltr'><strong>brevilo-</strong></span> 
     </span>
     <span class='ocr_line' id='line_1_57' title="bbox 1546 1203 2633 1277; baseline 0.006 -21"><span class='ocrx_word' id='word_1_306' title='bbox 1546 1203 1781 1275; x_wconf 86' lang='lat' dir='ltr'><strong>quentia.</strong></span> <span class='ocrx_word' id='word_1_307' title='bbox 1864 1203 2010 1256; x_wconf 77' lang='lat' dir='ltr'><strong>Post‘</strong></span> <span class='ocrx_word' id='word_1_308' title='bbox 2035 1205 2303 1257; x_wconf 79' lang='lat' dir='ltr'><strong>subvexit</strong></span> <span class='ocrx_word' id='word_1_309' title='bbox 2342 1217 2633 1277; x_wconf 84' lang='lat' dir='ltr'><strong>exspectas,</strong></span> 
     </span>
     <span class='ocr_line' id='line_1_58' title="bbox 1547 1271 2633 1343; baseline 0.001 -16"><span class='ocrx_word' id='word_1_310' title='bbox 1547 1271 1872 1343; x_wconf 82' lang='lat' dir='ltr'><strong>scriptorem</strong></span> <span class='ocrx_word' id='word_1_311' title='bbox 1914 1271 2258 1339; x_wconf 86' lang='lat' dir='ltr'><strong>redditurum</strong></span> <span class='ocrx_word' id='word_1_312' title='bbox 2300 1294 2422 1328; x_wconf 84' lang='lat' dir='ltr'><strong>esse</strong></span> <span class='ocrx_word' id='word_1_313' title='bbox 2455 1275 2633 1328; x_wconf 87' lang='lat' dir='ltr'><strong>ratio-</strong></span> 
     </span>
     <span class='ocr_line' id='line_1_59' title="bbox 1547 1343 2629 1404; baseline 0.005 -10"><span class='ocrx_word' id='word_1_314' title='bbox 1547 1361 1707 1404; x_wconf 86' lang='lat' dir='ltr'><strong>nem,</strong></span> <span class='ocrx_word' id='word_1_315' title='bbox 1774 1359 1874 1395; x_wconf 90' lang='lat' dir='ltr'><strong>cur</strong></span> <span class='ocrx_word' id='word_1_316' title='bbox 1928 1352 2170 1395; x_wconf 87' lang='lat' dir='ltr'><strong>erratum</strong></span> <span class='ocrx_word' id='word_1_317' title='bbox 2232 1362 2346 1396; x_wconf 88' lang='lat' dir='ltr'><strong>esse</strong></span> <span class='ocrx_word' id='word_1_318' title='bbox 2409 1343 2629 1399; x_wconf 83' lang='lat' dir='ltr'><strong>dixerit.</strong></span> 
     </span>
     <span class='ocr_line' id='line_1_60' title="bbox 1549 1409 2633 1484; baseline 0.003 -21"><span class='ocrx_word' id='word_1_319' title='bbox 1549 1409 1769 1463; x_wconf 83' lang='lat' dir='ltr'><strong>Omittit</strong></span> <span class='ocrx_word' id='word_1_320' title='bbox 1802 1419 1981 1462; x_wconf 82' lang='lat' dir='ltr'><strong>tamen</strong></span> <span class='ocrx_word' id='word_1_321' title='bbox 2020 1430 2175 1464; x_wconf 89' lang='lat' dir='ltr'><strong>more</strong></span> <span class='ocrx_word' id='word_1_322' title='bbox 2202 1430 2304 1466; x_wconf 88' lang='lat' dir='ltr'><strong>suo</strong></span> <span class='ocrx_word' id='word_1_323' title='bbox 2325 1411 2473 1466; x_wconf 73' lang='lat' dir='ltr'><strong>banc</strong></span> <span class='ocrx_word' id='word_1_324' title='bbox 2498 1431 2633 1484; x_wconf 88' lang='lat' dir='ltr'><strong>pro·</strong></span> 
     </span>
     <span class='ocr_line' id='line_1_61' title="bbox 1547 1479 2632 1550; baseline 0.003 -18"><span class='ocrx_word' id='word_1_325' title='bbox 1547 1479 1850 1540; x_wconf 88' lang='lat' dir='ltr'><strong>lusionem,</strong></span> <span class='ocrx_word' id='word_1_326' title='bbox 1917 1479 2197 1550; x_wconf 85' lang='lat' dir='ltr'><strong>pergitque</strong></span> <span class='ocrx_word' id='word_1_327' title='bbox 2241 1480 2299 1543; x_wconf 86' lang='lat' dir='ltr'><strong>in</strong></span> <span class='ocrx_word' id='word_1_328' title='bbox 2340 1482 2506 1534; x_wconf 88' lang='lat' dir='ltr'><strong>rebus</strong></span> <span class='ocrx_word' id='word_1_329' title='bbox 2550 1481 2632 1535; x_wconf 89' lang='lat' dir='ltr'><strong>di-</strong></span> 
     </span>
     <span class='ocr_line' id='line_1_62' title="bbox 1548 1546 2630 1616; baseline 0.001 -14"><span class='ocrx_word' id='word_1_330' title='bbox 1548 1547 1765 1609; x_wconf 82' lang='lat' dir='ltr'><strong>cendis,</strong></span> <span class='ocrx_word' id='word_1_331' title='bbox 1825 1565 1962 1616; x_wconf 85' lang='lat' dir='ltr'><strong>quae</strong></span> <span class='ocrx_word' id='word_1_332' title='bbox 1995 1546 2282 1603; x_wconf 78' lang='lat' dir='ltr'><strong>cohaerent</strong></span> <span class='ocrx_word' id='word_1_333' title='bbox 2323 1549 2429 1602; x_wconf 73' lang='lat' dir='ltr'><strong>sict</strong></span> <span class='ocrx_word' id='word_1_334' title='bbox 2493 1551 2630 1603; x_wconf 75' lang='lat' dir='ltr'><strong>Non</strong></span> 
     </span>
    </p>
   </div>
   <div class='ocr_carea' id='block_1_14' title="bbox 1510 1615 2630 1688">
    <p class='ocr_par' dir='ltr' id='par_1_14' title="bbox 1510 1615 2630 1688">
     <span class='ocr_line' id='line_1_63' title="bbox 1510 1615 2630 1688; baseline 0.004 -20"><span class='ocrx_word' id='word_1_335' title='bbox 1510 1615 1837 1675; x_wconf 53' lang='lat' dir='ltr'><strong>‚subvexih</strong></span> <span class='ocrx_word' id='word_1_336' title='bbox 1898 1615 1990 1683; x_wconf 74' lang='lat' dir='ltr'><strong>sed</strong></span> <span class='ocrx_word' id='word_1_337' title='bbox 2039 1615 2263 1669; x_wconf 86' lang='lat' dir='ltr'><strong>classem</strong></span> <span class='ocrx_word' id='word_1_338' title='bbox 2299 1617 2527 1688; x_wconf 83' lang='lat' dir='ltr'><strong>reliquit</strong></span> <span class='ocrx_word' id='word_1_339' title='bbox 2569 1619 2630 1672; x_wconf 86' lang='lat' dir='ltr'><strong>in</strong></span> 
     </span>
    </p>
   </div>
   <div class='ocr_carea' id='block_1_15' title="bbox 1540 1682 2629 2855">
    <p class='ocr_par' dir='ltr' id='par_1_15' title="bbox 1540 1682 2629 2855">
     <span class='ocr_line' id='line_1_64' title="bbox 1547 1682 2629 1756; baseline 0.005 -19"><span class='ocrx_word' id='word_1_340' title='bbox 1547 1685 1794 1737; x_wconf 86' lang='lat' dir='ltr'><strong>statione.</strong></span> <span class='ocrx_word' id='word_1_341' title='bbox 1866 1682 1979 1737; x_wconf 87' lang='lat' dir='ltr'><strong>Iam</strong></span> <span class='ocrx_word' id='word_1_342' title='bbox 2006 1686 2311 1754; x_wconf 87' lang='lat' dir='ltr'><strong>quaeritur,</strong></span> <span class='ocrx_word' id='word_1_343' title='bbox 2342 1687 2629 1756; x_wconf 88' lang='lat' dir='ltr'><strong>quomodo</strong></span> 
     </span>
     <span class='ocr_line' id='line_1_65' title="bbox 1546 1752 2629 1810; baseline 0.006 -5"><span class='ocrx_word' id='word_1_344' title='bbox 1546 1753 1700 1805; x_wconf 86' lang='lat' dir='ltr'><strong>miles</strong></span> <span class='ocrx_word' id='word_1_345' title='bbox 1754 1752 1974 1807; x_wconf 83' lang='lat' dir='ltr'><strong>dextras</strong></span> <span class='ocrx_word' id='word_1_346' title='bbox 2006 1753 2065 1804; x_wconf 91' lang='lat' dir='ltr'><strong>in</strong></span> <span class='ocrx_word' id='word_1_347' title='bbox 2111 1763 2279 1806; x_wconf 84' lang='lat' dir='ltr'><strong>terras</strong></span> <span class='ocrx_word' id='word_1_348' title='bbox 2334 1755 2512 1809; x_wconf 86' lang='lat' dir='ltr'><strong>iturus</strong></span> <span class='ocrx_word' id='word_1_349' title='bbox 2560 1775 2629 1810; x_wconf 84' lang='lat' dir='ltr'><strong>eo</strong></span> 
     </span>
     <span class='ocr_line' id='line_1_66' title="bbox 1546 1820 2629 1893; baseline 0.006 -22"><span class='ocrx_word' id='word_1_350' title='bbox 1546 1820 1874 1891; x_wconf 84' lang='lat' dir='ltr'><strong>pervenerit.</strong></span> <span class='ocrx_word' id='word_1_351' title='bbox 1992 1820 2310 1893; x_wconf 76' lang='lat' dir='ltr'><strong>Respondet</strong></span> <span class='ocrx_word' id='word_1_352' title='bbox 2390 1835 2629 1878; x_wconf 80' lang='lat' dir='ltr'><strong>auctor:</strong></span> 
     </span>
     <span class='ocr_line' id='line_1_67' title="bbox 1546 1891 2628 1974; baseline 0.003 -33"><span class='ocrx_word' id='word_1_353' title='bbox 1546 1891 1894 1955; x_wconf 77' lang='lat' dir='ltr'><strong>transposuit</strong></span> <span class='ocrx_word' id='word_1_354' title='bbox 1942 1891 2181 1942; x_wconf 86' lang='lat' dir='ltr'><strong>militem</strong></span> <span class='ocrx_word' id='word_1_355' title='bbox 2240 1902 2349 1948; x_wconf 86' lang='lat' dir='ltr'><strong>etc.</strong></span> <span class='ocrx_word' id='word_1_356' title='bbox 2453 1893 2628 1974; x_wconf 65' lang='lat' dir='ltr'><strong>Igitur</strong></span> 
     </span>
     <span class='ocr_line' id='line_1_68' title="bbox 1545 1956 2629 2036; baseline 0.005 -26"><span class='ocrx_word' id='word_1_357' title='bbox 1545 1956 1892 2036; x_wconf 55' lang='lat' dir='ltr'><strong>transpositio</strong></span> <span class='ocrx_word' id='word_1_358' title='bbox 1930 1959 2227 2029; x_wconf 88' lang='lat' dir='ltr'><strong>opponitur</strong></span> <span class='ocrx_word' id='word_1_359' title='bbox 2263 1962 2629 2024; x_wconf 79' lang='lat' dir='ltr'><strong>subvectioni,</strong></span> 
     </span>
     <span class='ocr_line' id='line_1_69' title="bbox 1547 2027 2627 2102; baseline 0.004 -23"><span class='ocrx_word' id='word_1_360' title='bbox 1547 2036 1597 2079; x_wconf 87' lang='lat' dir='ltr'><strong>et</strong></span> <span class='ocrx_word' id='word_1_361' title='bbox 1661 2035 1854 2079; x_wconf 75' lang='lat' dir='ltr'><strong>ceteris</strong></span> <span class='ocrx_word' id='word_1_362' title='bbox 1917 2027 2199 2080; x_wconf 85' lang='lat' dir='ltr'><strong>vocabulis</strong></span> <span class='ocrx_word' id='word_1_363' title='bbox 2307 2031 2627 2102; x_wconf 84' lang='lat' dir='ltr'><strong>raeponitur</strong></span> 
     </span>
     <span class='ocr_line' id='line_1_70' title="bbox 1544 2095 2628 2169; baseline 0.005 -23"><span class='ocrx_word' id='word_1_364' title='bbox 1544 2095 1773 2163; x_wconf 79' lang='lat' dir='ltr'><strong>verbum</strong></span> <span class='ocrx_word' id='word_1_365' title='bbox 1836 2099 2211 2164; x_wconf 78' lang='lat' dir='ltr'><strong>transposuit,</strong></span> <span class='ocrx_word' id='word_1_366' title='bbox 2283 2098 2408 2168; x_wconf 86' lang='lat' dir='ltr'><strong>quia</strong></span> <span class='ocrx_word' id='word_1_367' title='bbox 2473 2117 2628 2169; x_wconf 87' lang='lat' dir='ltr'><strong>prae·</strong></span> 
     </span>
     <span class='ocr_line' id='line_1_71' title="bbox 1545 2160 2627 2240; baseline 0.005 -26"><span class='ocrx_word' id='word_1_368' title='bbox 1545 2164 1706 2234; x_wconf 85' lang='lat' dir='ltr'><strong>cipua</strong></span> <span class='ocrx_word' id='word_1_369' title='bbox 1763 2160 1811 2215; x_wconf 89' lang='lat' dir='ltr'><strong>ei</strong></span> <span class='ocrx_word' id='word_1_370' title='bbox 1874 2164 2015 2216; x_wconf 86' lang='lat' dir='ltr'><strong>inest</strong></span> <span class='ocrx_word' id='word_1_371' title='bbox 2072 2163 2189 2219; x_wconf 80' lang='lat' dir='ltr'><strong>vis:</strong></span> <span class='ocrx_word' id='word_1_372' title='bbox 2271 2169 2627 2240; x_wconf 83' lang='lat' dir='ltr'><strong>transposuit,</strong></span> 
     </span>
     <span class='ocr_line' id='line_1_72' title="bbox 1546 2230 2626 2302; baseline 0.007 -20"><span class='ocrx_word' id='word_1_373' title='bbox 1546 2251 1715 2302; x_wconf 88' lang='lat' dir='ltr'><strong>quum</strong></span> <span class='ocrx_word' id='word_1_374' title='bbox 1762 2230 2033 2284; x_wconf 89' lang='lat' dir='ltr'><strong>debuisset</strong></span> <span class='ocrx_word' id='word_1_375' title='bbox 2076 2233 2395 2289; x_wconf 80' lang='lat' dir='ltr'><strong>subvehere.</strong></span> <span class='ocrx_word' id='word_1_376' title='bbox 2490 2233 2626 2289; x_wconf 89' lang='lat' dir='ltr'><strong>Ger—</strong></span> 
     </span>
     <span class='ocr_line' id='line_1_73' title="bbox 1542 2300 2624 2363; baseline 0.005 -11"><span class='ocrx_word' id='word_1_377' title='bbox 1542 2300 1783 2363; x_wconf 72' lang='lat' dir='ltr'><strong>manicez</strong></span> <span class='ocrx_word' id='word_1_378' title='bbox 1818 2301 1931 2353; x_wconf 87' lang='lat' dir='ltr'><strong>Die</strong></span> <span class='ocrx_word' id='word_1_379' title='bbox 1957 2301 2143 2353; x_wconf 83' lang='lat' dir='ltr'><strong>Flotte</strong></span> <span class='ocrx_word' id='word_1_380' title='bbox 2170 2307 2340 2354; x_wconf 82' lang='lat' dir='ltr'><strong>ward</strong></span> <span class='ocrx_word' id='word_1_381' title='bbox 2364 2323 2440 2356; x_wconf 80' lang='lat' dir='ltr'><strong>zu</strong></span> <span class='ocrx_word' id='word_1_382' title='bbox 2456 2307 2624 2357; x_wconf 84' lang='lat' dir='ltr'><strong>Ami-</strong></span> 
     </span>
     <span class='ocr_line' id='line_1_74' title="bbox 1543 2369 2627 2440; baseline 0.007 -20"><span class='ocrx_word' id='word_1_383' title='bbox 1543 2370 1635 2420; x_wconf 89' lang='lat' dir='ltr'><strong>sia</strong></span> <span class='ocrx_word' id='word_1_384' title='bbox 1670 2388 1769 2419; x_wconf 87' lang='lat' dir='ltr'><strong>am</strong></span> <span class='ocrx_word' id='word_1_385' title='bbox 1808 2369 2001 2420; x_wconf 75' lang='lat' dir='ltr'><strong>linken</strong></span> <span class='ocrx_word' id='word_1_386' title='bbox 2043 2371 2194 2437; x_wconf 62' lang='lat' dir='ltr'><strong>Effer«</strong></span> <span class='ocrx_word' id='word_1_387' title='bbox 2219 2373 2627 2440; x_wconf 68' lang='lat' dir='ltr'><strong>zuruckgelas-</strong></span> 
     </span>
     <span class='ocr_line' id='line_1_75' title="bbox 1547 2436 2627 2512; baseline 0.007 -23"><span class='ocrx_word' id='word_1_388' title='bbox 1547 2453 1651 2489; x_wconf 83' lang='lat' dir='ltr'><strong>sen</strong></span> <span class='ocrx_word' id='word_1_389' title='bbox 1690 2440 1809 2489; x_wconf 82' lang='lat' dir='ltr'><strong>und</strong></span> <span class='ocrx_word' id='word_1_390' title='bbox 1850 2436 2021 2488; x_wconf 82' lang='lat' dir='ltr'><strong>do&#39;rin</strong></span> <span class='ocrx_word' id='word_1_391' title='bbox 2072 2440 2278 2507; x_wconf 70' lang='lat' dir='ltr'><strong>gejehlt</strong></span> <span class='ocrx_word' id='word_1_392' title='bbox 2296 2478 2313 2506; x_wconf 90' lang='lat'><strong>,</strong></span> <span class='ocrx_word' id='word_1_393' title='bbox 2373 2439 2511 2512; x_wconf 87' lang='lat' dir='ltr'><strong>dass</strong></span> <span class='ocrx_word' id='word_1_394' title='bbox 2563 2461 2627 2496; x_wconf 77' lang='lat' dir='ltr'><strong>er</strong></span> 
     </span>
     <span class='ocr_line' id='line_1_76' title="bbox 1540 2505 2622 2575; baseline 0.009 -20"><span class='ocrx_word' id='word_1_395' title='bbox 1540 2505 1695 2556; x_wconf 80' lang='lat' dir='ltr'><strong>nicht</strong></span> <span class='ocrx_word' id='word_1_396' title='bbox 1718 2505 1998 2572; x_wconf 79' lang='lat' dir='ltr'><strong>aufivc&#39;z‘rts</strong></span> <span class='ocrx_word' id='word_1_397' title='bbox 2009 2507 2163 2575; x_wconf 76' lang='lat' dir='ltr'><strong>fithr</strong></span> <span class='ocrx_word' id='word_1_398' title='bbox 2178 2526 2196 2561; x_wconf 90' lang='lat'><strong>.·</strong></span> <span class='ocrx_word' id='word_1_399' title='bbox 2242 2527 2307 2561; x_wconf 84' lang='lat' dir='ltr'><strong>er</strong></span> <span class='ocrx_word' id='word_1_400' title='bbox 2331 2519 2510 2565; x_wconf 80' lang='lat' dir='ltr'><strong>setzte</strong></span> <span class='ocrx_word' id='word_1_401' title='bbox 2532 2514 2622 2565; x_wconf 82' lang='lat' dir='ltr'><strong>die</strong></span> 
     </span>
     <span class='ocr_line' id='line_1_77' title="bbox 1540 2573 2619 2643; baseline 0.01 -20"><span class='ocrx_word' id='word_1_402' title='bbox 1540 2573 1903 2643; x_wconf 77' lang='lat' dir='ltr'><strong>Mannschaft</strong></span> <span class='ocrx_word' id='word_1_403' title='bbox 1954 2578 2222 2643; x_wconf 74' lang='lat' dir='ltr'><strong>him&#39;lber,</strong></span> <span class='ocrx_word' id='word_1_404' title='bbox 2299 2582 2508 2634; x_wconf 69' lang='lat' dir='ltr'><strong>welche</strong></span> <span class='ocrx_word' id='word_1_405' title='bbox 2561 2583 2619 2634; x_wconf 78' lang='lat' dir='ltr'><strong>in</strong></span> 
     </span>
     <span class='ocr_line' id='line_1_78' title="bbox 1542 2639 2620 2703; baseline 0.009 -10"><span class='ocrx_word' id='word_1_406' title='bbox 1542 2646 1651 2694; x_wconf 88' lang='lat' dir='ltr'><strong>das</strong></span> <span class='ocrx_word' id='word_1_407' title='bbox 1677 2643 1843 2701; x_wconf 81' lang='lat' dir='ltr'><strong>Land</strong></span> <span class='ocrx_word' id='word_1_408' title='bbox 1864 2647 2049 2697; x_wconf 78' lang='lat' dir='ltr'><strong>rechts</strong></span> <span class='ocrx_word' id='word_1_409' title='bbox 2073 2649 2259 2698; x_wconf 82' lang='lat' dir='ltr'><strong>sollte.</strong></span> <span class='ocrx_word' id='word_1_410' title='bbox 2333 2639 2460 2701; x_wconf 76' lang='lat' dir='ltr'><strong>Alii‘</strong></span> <span class='ocrx_word' id='word_1_411' title='bbox 2480 2651 2620 2703; x_wconf 88' lang='lat' dir='ltr'><strong>mire</strong></span> 
     </span>
     <span class='ocr_line' id='line_1_79' title="bbox 1541 2711 2619 2787; baseline 0.008 -25"><span class='ocrx_word' id='word_1_412' title='bbox 1541 2711 1672 2764; x_wconf 89' lang='lat' dir='ltr'><strong>haec</strong></span> <span class='ocrx_word' id='word_1_413' title='bbox 1696 2711 2067 2768; x_wconf 80' lang='lat' dir='ltr'><strong>confundunt:</strong></span> <span class='ocrx_word' id='word_1_414' title='bbox 2096 2724 2146 2767; x_wconf 90' lang='lat' dir='ltr'><strong>et</strong></span> <span class='ocrx_word' id='word_1_415' title='bbox 2158 2714 2372 2785; x_wconf 86' lang='lat' dir='ltr'><strong>Lipsius</strong></span> <span class='ocrx_word' id='word_1_416' title='bbox 2396 2718 2619 2787; x_wconf 88' lang='lat' dir='ltr'><strong>quidem</strong></span> 
     </span>
     <span class='ocr_line' id='line_1_80' title="bbox 1541 2779 2617 2855; baseline 0.009 -26"><span class='ocrx_word' id='word_1_417' title='bbox 1541 2779 1931 2850; x_wconf 76' lang='lat' dir='ltr'><strong>opinionesua</strong></span> <span class='ocrx_word' id='word_1_418' title='bbox 1969 2782 2247 2853; x_wconf 71' lang='lat' dir='ltr'><strong>deceptus,</strong></span> <span class='ocrx_word' id='word_1_419' title='bbox 2284 2791 2393 2855; x_wconf 83' lang='lat' dir='ltr'><strong>qua</strong></span> <span class='ocrx_word' id='word_1_420' title='bbox 2437 2785 2617 2840; x_wconf 85' lang='lat' dir='ltr'><strong>classis</strong></span> 
     </span>
    </p>
   </div>
   <div class='ocr_carea' id='block_1_16' title="bbox 1504 2848 2619 2908">
    <p class='ocr_par' dir='ltr' id='par_1_16' title="bbox 1504 2848 2619 2908">
     <span class='ocr_line' id='line_1_81' title="bbox 1504 2848 2619 2908; baseline 0.01 -10"><span class='ocrx_word' id='word_1_421' title='bbox 1504 2848 1826 2900; x_wconf 85' lang='lat' dir='ltr'><strong>&#39;stationem</strong></span> <span class='ocrx_word' id='word_1_422' title='bbox 1867 2848 1937 2901; x_wconf 90' lang='lat' dir='ltr'><strong>ad</strong></span> <span class='ocrx_word' id='word_1_423' title='bbox 1976 2850 2221 2906; x_wconf 80' lang='lat' dir='ltr'><strong>dextrum</strong></span> <span class='ocrx_word' id='word_1_424' title='bbox 2258 2853 2434 2907; x_wconf 85' lang='lat' dir='ltr'><strong>amnis</strong></span> <span class='ocrx_word' id='word_1_425' title='bbox 2484 2854 2619 2908; x_wconf 87' lang='lat' dir='ltr'><strong>latus</strong></span> 
     </span>
    </p>
   </div>
   <div class='ocr_carea' id='block_1_17' title="bbox 1538 2914 2619 3383">
    <p class='ocr_par' dir='ltr' id='par_1_17' title="bbox 1538 2914 2619 3381">
     <span class='ocr_line' id='line_1_82' title="bbox 1538 2914 2618 2977; baseline 0.007 -8"><span class='ocrx_word' id='word_1_426' title='bbox 1538 2914 1703 2976; x_wconf 82' lang='lat' dir='ltr'><strong>fuisse</strong></span> <span class='ocrx_word' id='word_1_427' title='bbox 1730 2917 2025 2971; x_wconf 86' lang='lat' dir='ltr'><strong>contendit.</strong></span> <span class='ocrx_word' id='word_1_428' title='bbox 2094 2919 2497 2975; x_wconf 76' lang='lat' dir='ltr'><strong>Freinshemius</strong></span> <span class='ocrx_word' id='word_1_429' title='bbox 2523 2924 2618 2977; x_wconf 88' lang='lat' dir='ltr'><strong>du·</strong></span> 
     </span>
     <span class='ocr_line' id='line_1_83' title="bbox 1538 2984 2619 3062; baseline 0.009 -27"><span class='ocrx_word' id='word_1_430' title='bbox 1538 2984 1753 3055; x_wconf 89' lang='lat' dir='ltr'><strong>pliciter</strong></span> <span class='ocrx_word' id='word_1_431' title='bbox 1780 2996 2016 3039; x_wconf 77' lang='lat' dir='ltr'><strong>erratum</strong></span> <span class='ocrx_word' id='word_1_432' title='bbox 2042 2998 2220 3059; x_wconf 67' lang='lat' dir='ltr'><strong>putat,</strong></span> <span class='ocrx_word' id='word_1_433' title='bbox 2255 2989 2439 3060; x_wconf 84' lang='lat' dir='ltr'><strong>primo</strong></span> <span class='ocrx_word' id='word_1_434' title='bbox 2470 2992 2619 3062; x_wconf 82' lang='lat' dir='ltr'><strong>quod</strong></span> 
     </span>
     <span class='ocr_line' id='line_1_84' title="bbox 1540 3054 2616 3129; baseline 0.009 -26"><span class='ocrx_word' id='word_1_435' title='bbox 1540 3071 1658 3122; x_wconf 83' lang='lat' dir='ltr'><strong>non</strong></span> <span class='ocrx_word' id='word_1_436' title='bbox 1705 3054 1979 3118; x_wconf 74' lang='lat' dir='ltr'><strong>subvexit,</strong></span> <span class='ocrx_word' id='word_1_437' title='bbox 2041 3058 2255 3125; x_wconf 56' lang='lat' dir='ltr'><strong>deinde⁴</strong></span> <span class='ocrx_word' id='word_1_438' title='bbox 2297 3061 2454 3129; x_wconf 86' lang='lat' dir='ltr'><strong>quod</strong></span> <span class='ocrx_word' id='word_1_439' title='bbox 2497 3079 2616 3113; x_wconf 85' lang='lat' dir='ltr'><strong>non</strong></span> 
     </span>
     <span class='ocr_line' id='line_1_85' title="bbox 1540 3123 2618 3192; baseline 0.01 -20"><span class='ocrx_word' id='word_1_440' title='bbox 1540 3123 1895 3192; x_wconf 86' lang='lat' dir='ltr'><strong>transposuit,</strong></span> <span class='ocrx_word' id='word_1_441' title='bbox 1934 3134 1989 3176; x_wconf 91' lang='lat' dir='ltr'><strong>ut</strong></span> <span class='ocrx_word' id='word_1_442' title='bbox 2024 3125 2097 3178; x_wconf 89' lang='lat' dir='ltr'><strong>ita</strong></span> <span class='ocrx_word' id='word_1_443' title='bbox 2132 3126 2238 3179; x_wconf 88' lang='lat' dir='ltr'><strong>hoe</strong></span> <span class='ocrx_word' id='word_1_444' title='bbox 2264 3127 2501 3182; x_wconf 83' lang='lat' dir='ltr'><strong>verbum</strong></span> <span class='ocrx_word' id='word_1_445' title='bbox 2527 3129 2618 3182; x_wconf 85' lang='lat' dir='ltr'><strong>ad·</strong></span> 
     </span>
     <span class='ocr_line' id='line_1_86' title="bbox 1538 3188 2619 3263; baseline 0.008 -23"><span class='ocrx_word' id='word_1_446' title='bbox 1538 3188 1649 3242; x_wconf 88' lang='lat' dir='ltr'><strong>huc</strong></span> <span class='ocrx_word' id='word_1_447' title='bbox 1681 3189 1918 3260; x_wconf 71' lang='lat' dir='ltr'><strong>&#39;pendeat&#39;</strong></span> <span class='ocrx_word' id='word_1_448' title='bbox 1947 3210 1976 3243; x_wconf 90' lang='lat' dir='ltr'><strong>e</strong></span> <span class='ocrx_word' id='word_1_449' title='bbox 2011 3193 2274 3263; x_wconf 86' lang='lat' dir='ltr'><strong>particula</strong></span> <span class='ocrx_word' id='word_1_450' title='bbox 2304 3201 2471 3262; x_wconf 81' lang='lat' dir='ltr'><strong>quod.</strong></span> <span class='ocrx_word' id='word_1_451' title='bbox 2543 3199 2619 3250; x_wconf 77' lang='lat' dir='ltr'><strong>At</strong></span> 
     </span>
     <span class='ocr_line' id='line_1_87' title="bbox 1538 3256 2619 3381; baseline 0.009 -73"><span class='ocrx_word' id='word_1_452' title='bbox 1538 3267 1664 3309; x_wconf 69' lang='lat' dir='ltr'><strong>tumss</strong></span> <span class='ocrx_word' id='word_1_453' title='bbox 1682 3256 1878 3329; x_wconf 89' lang='lat' dir='ltr'><strong>copula</strong></span> <span class='ocrx_word' id='word_1_454' title='bbox 1908 3270 2018 3311; x_wconf 83' lang='lat' dir='ltr'><strong>erat</strong></span> <span class='ocrx_word' id='word_1_455' title='bbox 2044 3261 2317 3381; x_wconf 51' lang='lat' dir='ltr'><strong>affigenda,</strong></span> <span class='ocrx_word' id='word_1_456' title='bbox 2354 3282 2494 3345; x_wconf 80' lang='lat' dir='ltr'><strong>quae</strong></span> <span class='ocrx_word' id='word_1_457' title='bbox 2528 3265 2619 3319; x_wconf 87' lang='lat' dir='ltr'><strong>bic</strong></span> 
     </span>
    </p>

    <p class='ocr_par' dir='ltr' id='par_1_18' title="bbox 2165 3340 2265 3383">
     <span class='ocr_line' id='line_1_88' title="bbox 2165 3340 2265 3383; baseline -0.02 0"><span class='ocrx_word' id='word_1_458' title='bbox 2165 3340 2265 3383; x_wconf 90' lang='lat' dir='ltr'><strong>unt</strong></span> 
     </span>
    </p>
   </div>
   <div class='ocr_carea' id='block_1_18' title="bbox 1538 3323 2619 3416">
    <p class='ocr_par' dir='ltr' id='par_1_19' title="bbox 1538 3323 2619 3416">
     <span class='ocr_line' id='line_1_89' title="bbox 1538 3323 2619 3416; baseline 0.008 -38"><span class='ocrx_word' id='word_1_459' title='bbox 1538 3323 1722 3378; x_wconf 86' lang='lat' dir='ltr'><strong>omitti</strong></span> <span class='ocrx_word' id='word_1_460' title='bbox 1760 3327 2035 3398; x_wconf 78' lang='lat' dir='ltr'><strong>nequibat,</strong></span> <span class='ocrx_word' id='word_1_461' title='bbox 2307 3343 2479 3392; x_wconf 69' lang='lat' dir='ltr'><strong>,etiam</strong></span> <span class='ocrx_word' id='word_1_462' title='bbox 2524 3335 2619 3416; x_wconf 72' lang='lat' dir='ltr'><strong>qui</strong></span> 
     </span>
    </p>
   </div>
   <div class='ocr_carea' id='block_1_19' title="bbox 1514 3389 2618 3474">
    <p class='ocr_par' dir='ltr' id='par_1_20' title="bbox 1514 3389 2618 3474">
     <span class='ocr_line' id='line_1_90' title="bbox 1514 3389 2618 3474; baseline 0.01 -29"><span class='ocrx_word' id='word_1_463' title='bbox 1514 3392 1843 3474; x_wconf 55' lang='lat' dir='ltr'><strong>,intelligant</strong></span> <span class='ocrx_word' id='word_1_464' title='bbox 1900 3401 2030 3454; x_wconf 11' lang='lat' dir='ltr'><strong>sed,</strong></span> <span class='ocrx_word' id='word_1_465' title='bbox 2064 3389 2185 3451; x_wconf 75' lang='lat' dir='ltr'><strong>ante</strong></span> <span class='ocrx_word' id='word_1_466' title='bbox 2246 3407 2618 3467; x_wconf 77' lang='lat' dir='ltr'><strong>transposuit.</strong></span> 
     </span>
    </p>
   </div>
   <div class='ocr_carea' id='block_1_20' title="bbox 1536 3460 2616 3805">
    <p class='ocr_par' dir='ltr' id='par_1_21' title="bbox 1536 3460 2616 3805">
     <span class='ocr_line' id='line_1_91' title="bbox 1538 3460 2614 3530; baseline 0.009 -17"><span class='ocrx_word' id='word_1_467' title='bbox 1538 3460 1834 3524; x_wconf 75' lang='lat' dir='ltr'><strong>Maluerim</strong></span> <span class='ocrx_word' id='word_1_468' title='bbox 1858 3484 1875 3516; x_wconf 73' lang='lat' dir='ltr'><strong>s</strong></span> <span class='ocrx_word' id='word_1_469' title='bbox 1983 3467 2259 3519; x_wconf 82' lang='lat' dir='ltr'><strong>nz&#39;mirum</strong></span> <span class='ocrx_word' id='word_1_470' title='bbox 2279 3508 2294 3530; x_wconf 93' lang='lat'><strong>,</strong></span> <span class='ocrx_word' id='word_1_471' title='bbox 2386 3471 2614 3523; x_wconf 65' lang='lat' dir='ltr'><strong>scilibet.</strong></span> 
     </span>
     <span class='ocr_line' id='line_1_92' title="bbox 1536 3529 2616 3605; baseline 0.011 -25"><span class='ocrx_word' id='word_1_472' title='bbox 1536 3529 1843 3592; x_wconf 84' lang='lat' dir='ltr'><strong>Punctum,</strong></span> <span class='ocrx_word' id='word_1_473' title='bbox 1893 3534 2044 3603; x_wconf 90' lang='lat' dir='ltr'><strong>quod</strong></span> <span class='ocrx_word' id='word_1_474' title='bbox 2092 3546 2216 3588; x_wconf 88' lang='lat' dir='ltr'><strong>ante</strong></span> <span class='ocrx_word' id='word_1_475' title='bbox 2263 3541 2616 3605; x_wconf 78' lang='lat' dir='ltr'><strong>transposuit</strong></span> 
     </span>
     <span class='ocr_line' id='line_1_93' title="bbox 1536 3598 2614 3673; baseline 0.01 -22"><span class='ocrx_word' id='word_1_476' title='bbox 1536 3617 1594 3651; x_wconf 89' lang='lat' dir='ltr'><strong>re</strong></span> <span class='ocrx_word' id='word_1_477' title='bbox 1638 3598 1881 3661; x_wconf 79' lang='lat' dir='ltr'><strong>unimus,</strong></span> <span class='ocrx_word' id='word_1_478' title='bbox 1949 3601 2061 3655; x_wconf 86' lang='lat' dir='ltr'><strong>iam</strong></span> <span class='ocrx_word' id='word_1_479' title='bbox 2120 3604 2335 3673; x_wconf 88' lang='lat' dir='ltr'><strong>pridem</strong></span> <span class='ocrx_word' id='word_1_480' title='bbox 2399 3618 2513 3660; x_wconf 83' lang='lat' dir='ltr'><strong>erat</strong></span> <span class='ocrx_word' id='word_1_481' title='bbox 2556 3608 2614 3661; x_wconf 84' lang='lat' dir='ltr'><strong>in</strong></span> 
     </span>
     <span class='ocr_line' id='line_1_94' title="bbox 1536 3665 2500 3722; baseline 0.012 -5"><span class='ocrx_word' id='word_1_482' title='bbox 1536 3686 1604 3722; x_wconf 87' lang='lat' dir='ltr'><strong>ve</strong></span> <span class='ocrx_word' id='word_1_483' title='bbox 1632 3677 1667 3719; x_wconf 87' lang='lat' dir='ltr'><strong>t.</strong></span> <span class='ocrx_word' id='word_1_484' title='bbox 1705 3665 1832 3722; x_wconf 84' lang='lat' dir='ltr'><strong>edd.</strong></span> <span class='ocrx_word' id='word_1_485' title='bbox 2496 3673 2500 3680; x_wconf 60' lang='grc'><em>’</em></span> 
     </span>
     <span class='ocr_line' id='line_1_95' title="bbox 1606 3735 2615 3805; baseline 0.013 -20"><span class='ocrx_word' id='word_1_486' title='bbox 1606 3735 1908 3805; x_wconf 83' lang='lat' dir='ltr'><strong>efficiendis</strong></span> <span class='ocrx_word' id='word_1_487' title='bbox 1950 3741 2231 3805; x_wconf 77' lang='lat' dir='ltr'><strong>pontibuS.</strong></span> <span class='ocrx_word' id='word_1_488' title='bbox 2330 3740 2615 3798; x_wconf 85' lang='lat' dir='ltr'><strong>Eruestius</strong></span> 
     </span>
    </p>
   </div>
   <div class='ocr_carea' id='block_1_21' title="bbox 1523 3804 2612 3888">
    <p class='ocr_par' dir='ltr' id='par_1_22' title="bbox 1523 3804 2612 3888">
     <span class='ocr_line' id='line_1_96' title="bbox 1523 3804 2612 3888; baseline 0.008 -31"><span class='ocrx_word' id='word_1_489' title='bbox 1523 3822 1633 3874; x_wconf 68' lang='lat' dir='ltr'><strong>per</strong></span> <span class='ocrx_word' id='word_1_490' title='bbox 1670 3804 1950 3875; x_wconf 81' lang='lat' dir='ltr'><strong>enallagen</strong></span> <span class='ocrx_word' id='word_1_491' title='bbox 1989 3808 2184 3888; x_wconf 86' lang='lat' dir='ltr'><strong>accipit</strong></span> <span class='ocrx_word' id='word_1_492' title='bbox 2220 3808 2288 3862; x_wconf 89' lang='lat' dir='ltr'><strong>de</strong></span> <span class='ocrx_word' id='word_1_493' title='bbox 2325 3830 2443 3864; x_wconf 86' lang='lat' dir='ltr'><strong>uno</strong></span> <span class='ocrx_word' id='word_1_494' title='bbox 2476 3832 2612 3884; x_wconf 85' lang='lat' dir='ltr'><strong>pon·</strong></span> 
     </span>
    </p>
   </div>
   <div class='ocr_carea' id='block_1_22' title="bbox 1530 3874 2613 4421">
    <p class='ocr_par' dir='ltr' id='par_1_23' title="bbox 1530 3874 2613 4421">
     <span class='ocr_line' id='line_1_97' title="bbox 1535 3874 2611 3942; baseline 0.011 -19"><span class='ocrx_word' id='word_1_495' title='bbox 1535 3882 1616 3934; x_wconf 88' lang='lat' dir='ltr'><strong>te,</strong></span> <span class='ocrx_word' id='word_1_496' title='bbox 1654 3891 1764 3942; x_wconf 91' lang='lat' dir='ltr'><strong>quo</strong></span> <span class='ocrx_word' id='word_1_497' title='bbox 1804 3874 2069 3928; x_wconf 86' lang='lat' dir='ltr'><strong>Amisiam</strong></span> <span class='ocrx_word' id='word_1_498' title='bbox 2109 3896 2326 3929; x_wconf 87' lang='lat' dir='ltr'><strong>amnem</strong></span> <span class='ocrx_word' id='word_1_499' title='bbox 2360 3880 2611 3935; x_wconf 77' lang='lat' dir='ltr'><strong>iunxerit.</strong></span> 
     </span>
     <span class='ocr_line' id='line_1_98' title="bbox 1532 3939 2613 4017; baseline 0.009 -24"><span class='ocrx_word' id='word_1_500' title='bbox 1532 3939 1641 3993; x_wconf 89' lang='lat' dir='ltr'><strong>Res</strong></span> <span class='ocrx_word' id='word_1_501' title='bbox 1678 3951 1859 3994; x_wconf 79' lang='lat' dir='ltr'><strong>tamen</strong></span> <span class='ocrx_word' id='word_1_502' title='bbox 1899 3942 2161 4013; x_wconf 86' lang='lat' dir='ltr'><strong>postulat,</strong></span> <span class='ocrx_word' id='word_1_503' title='bbox 2214 3955 2276 3999; x_wconf 85' lang='lat' dir='ltr'><strong>ut</strong></span> <span class='ocrx_word' id='word_1_504' title='bbox 2313 3949 2613 4017; x_wconf 84' lang='lat' dir='ltr'><strong>cogitemus</strong></span> 
     </span>
     <span class='ocr_line' id='line_1_99' title="bbox 1536 4008 2611 4084; baseline 0.009 -24"><span class='ocrx_word' id='word_1_505' title='bbox 1536 4008 1600 4061; x_wconf 87' lang='lat' dir='ltr'><strong>de</strong></span> <span class='ocrx_word' id='word_1_506' title='bbox 1631 4010 1885 4079; x_wconf 87' lang='lat' dir='ltr'><strong>pontibus</strong></span> <span class='ocrx_word' id='word_1_507' title='bbox 1910 4030 2028 4064; x_wconf 88' lang='lat' dir='ltr'><strong>non</strong></span> <span class='ocrx_word' id='word_1_508' title='bbox 2057 4012 2235 4066; x_wconf 90' lang='lat' dir='ltr'><strong>solum</strong></span> <span class='ocrx_word' id='word_1_509' title='bbox 2268 4034 2431 4084; x_wconf 88' lang='lat' dir='ltr'><strong>super</strong></span> <span class='ocrx_word' id='word_1_510' title='bbox 2461 4018 2611 4076; x_wconf 81' lang='lat' dir='ltr'><strong>Ami·</strong></span> 
     </span>
     <span class='ocr_line' id='line_1_100' title="bbox 1535 4076 2612 4159; baseline 0.01 -30"><span class='ocrx_word' id='word_1_511' title='bbox 1535 4076 1699 4138; x_wconf 89' lang='lat' dir='ltr'><strong>siam,</strong></span> <span class='ocrx_word' id='word_1_512' title='bbox 1733 4080 1827 4131; x_wconf 90' lang='lat' dir='ltr'><strong>sed</strong></span> <span class='ocrx_word' id='word_1_513' title='bbox 1851 4079 2010 4132; x_wconf 88' lang='lat' dir='ltr'><strong>etiam</strong></span> <span class='ocrx_word' id='word_1_514' title='bbox 2039 4100 2199 4152; x_wconf 91' lang='lat' dir='ltr'><strong>super</strong></span> <span class='ocrx_word' id='word_1_515' title='bbox 2222 4085 2489 4139; x_wconf 78' lang='lat' dir='ltr'><strong>aestuaria</strong></span> <span class='ocrx_word' id='word_1_516' title='bbox 2523 4107 2612 4159; x_wconf 86' lang='lat' dir='ltr'><strong>pa·</strong></span> 
     </span>
     <span class='ocr_line' id='line_1_101' title="bbox 1535 4144 2610 4217; baseline 0.01 -20"><span class='ocrx_word' id='word_1_517' title='bbox 1535 4144 1795 4216; x_wconf 86' lang='lat' dir='ltr'><strong>ludesque</strong></span> <span class='ocrx_word' id='word_1_518' title='bbox 1840 4149 2041 4217; x_wconf 85' lang='lat' dir='ltr'><strong>positis.</strong></span> <span class='ocrx_word' id='word_1_519' title='bbox 2120 4149 2215 4203; x_wconf 89' lang='lat' dir='ltr'><strong>Sic</strong></span> <span class='ocrx_word' id='word_1_520' title='bbox 2255 4152 2301 4213; x_wconf 90' lang='lat'><strong>1,</strong></span> <span class='ocrx_word' id='word_1_521' title='bbox 2333 4153 2419 4205; x_wconf 89' lang='grc'><strong>61.</strong></span> <span class='ocrx_word' id='word_1_522' title='bbox 2466 4155 2610 4208; x_wconf 87' lang='lat' dir='ltr'><strong>Cae-</strong></span> 
     </span>
     <span class='ocr_line' id='line_1_102' title="bbox 1532 4214 2609 4290; baseline 0.015 -28"><span class='ocrx_word' id='word_1_523' title='bbox 1532 4214 1658 4266; x_wconf 82' lang='lat' dir='ltr'><strong>cina</strong></span> <span class='ocrx_word' id='word_1_524' title='bbox 1687 4217 2063 4280; x_wconf 68' lang='lat' dir='ltr'><strong>praemissus,</strong></span> <span class='ocrx_word' id='word_1_525' title='bbox 2098 4226 2161 4274; x_wconf 80' lang='lat' dir='ltr'><strong>ut</strong></span> <span class='ocrx_word' id='word_1_526' title='bbox 2188 4231 2398 4284; x_wconf 82' lang='lat' dir='ltr'><strong>pontes</strong></span> <span class='ocrx_word' id='word_1_527' title='bbox 2423 4232 2481 4276; x_wconf 86' lang='lat' dir='ltr'><strong>et</strong></span> <span class='ocrx_word' id='word_1_528' title='bbox 2505 4241 2609 4290; x_wconf 79' lang='lat' dir='ltr'><strong>ag-</strong></span> 
     </span>
     <span class='ocr_line' id='line_1_103' title="bbox 1530 4286 2610 4360; baseline 0.009 -26"><span class='ocrx_word' id='word_1_529' title='bbox 1530 4299 1691 4351; x_wconf 80' lang='lat' dir='ltr'><strong>geres</strong></span> <span class='ocrx_word' id='word_1_530' title='bbox 1720 4286 1959 4337; x_wconf 74' lang='lat' dir='ltr'><strong>humido</strong></span> <span class='ocrx_word' id='word_1_531' title='bbox 1982 4287 2266 4352; x_wconf 77' lang='lat' dir='ltr'><strong>paludum</strong></span> <span class='ocrx_word' id='word_1_532' title='bbox 2290 4299 2344 4344; x_wconf 85' lang='lat' dir='ltr'><strong>et</strong></span> <span class='ocrx_word' id='word_1_533' title='bbox 2366 4291 2610 4360; x_wconf 82' lang='lat' dir='ltr'><strong>fallaci·</strong></span> 
     </span>
     <span class='ocr_line' id='line_1_104' title="bbox 1532 4354 2220 4421; baseline 0.009 -17"><span class='ocrx_word' id='word_1_534' title='bbox 1532 4354 1631 4406; x_wconf 80' lang='lat' dir='ltr'><strong>bus</strong></span> <span class='ocrx_word' id='word_1_535' title='bbox 1653 4356 1864 4421; x_wconf 77' lang='lat' dir='ltr'><strong>campis</strong></span> <span class='ocrx_word' id='word_1_536' title='bbox 1885 4354 2220 4421; x_wconf 83' lang='lat' dir='ltr'><strong>imponeret.</strong></span> 
     </span>
    </p>
   </div>
   <div class='ocr_carea' id='block_1_23' title="bbox 2544 4467 2570 4478">
    <p class='ocr_par' dir='ltr' id='par_1_24' title="bbox 2544 4467 2570 4478">
     <span class='ocr_line' id='line_1_105' title="bbox 2544 4467 2570 4478; baseline 0 0"><span class='ocrx_word' id='word_1_537' title='bbox 2544 4467 2570 4478; x_wconf 59' lang='grc' dir='ltr'><strong>ο·</strong></span> 
     </span>
    </p>
   </div>
  </div>
 </body>
</html>
