2794 5085
718 988 2297 1110 C.CORNEL11TACIT1

1452 1193 1620 1240 AB*

943 1313 1358 1378 Excssssu
1412 1318 1622 1375 D1v1
1676 1315 2102 1374 AUGUSTI

456 1374 899 1543 ἈΝ
1079 1443 1174 1540 N
1364 1444 1456 1534 A
1640 1443 1726 1543 L
1906 1443 1954 1534 1
2139 1442 2484 1576 unm

1044 1630 1360 1698 LIBER
1435 1633 1997 1700 SECUNDUS.-

946 1956 1672 2015 BREVIARIUM
1756 1942 2088 2012 12113131.

499 2144 505 2156 ,
580 2091 717 2147 CAP.
756 2090 805 2143 1.
853 2085 1015 2142 Initia
1049 2084 1179 2141 belli
1220 2086 1480 2141 Parthici.
1549 2085 1820 2139 'Phraates
1869 2085 2122 2138 Venonis
2165 2095 2340 2156 pater.
2417 2087 2468 2141 2.
2504 2088 2599 2139 Vo-
2705 2074 2711 2081 ’

403 2176 578 2218 nones
615 2156 971 2234 popularibus
1006 2155 1225 2211 invisus.
1294 2155 1344 2208 3.
1366 2152 1472 2209 'Ab
1501 2153 1780 2207 Artabano
1859 2153 2038 2217 ulsus,
2080 2153 2148 2206 ad
2172 2155 2461 2215 Armenios
2493 2173 2599 2225 pro-

402 2233 583 2303 fugus.
652 2232 704 2282 4.
742 2227 806 2278 In
843 2223 1107 2279 Armenia
1145 2225 1372 2277 mutatio
1416 2242 1624 2295 regum.
1695 2223 1746 2277 5.
1843 2223 2148 2277 ermanicus
2187 2224 2392 2280 invidia
2428 2221 2601 2278 Tiberii

349 2320 354 2335 ·
400 2308 681 2355 revocatus
713 2295 1017 2348 Germanos
1057 2291 1349 2346 confestim
1381 2291 1600 2360 adgredi
1634 2301 1806 2363 parat.
1886 2291 1936 2345 6.
1969 2290 2167 2344 Classis
2202 2291 2335 2348 eilxs.
2398 2292 2603 2346 Rhenus.

401 2371 456 2424 7.
481 2368 611 2420 Inru
654 2364 729 2433 tio
758 2365 816 2416 in
831 2362 1033 2415 Cattos.
1103 2361 1216 2412 Ara
1237 2359 1407 2413 Drusi
1441 2358 1707 2413 restituta.
1776 2361 1828 2414 8.
1866 2361 2038 2413 Fossa
2058 2360 2352 2425 Drusiana.
2415 2359 2603 2414 Amisia.

401 2437 470 2490 In
502 2436 629 2488 rebe
675 2453 730 2486 es
766 2426 1119 2501 Angrivarios
1152 2427 1610 2482 animadversum.
1710 2427 1763 2481 9.
1815 2428 2053 2483 Arminii
2094 2448 2226 2481 cum
2261 2429 2424 2483 fratre
2455 2427 2605 2484 collo·

480 2504 623 2558 ium:
697 2503 780 2555 10.
829 2498 954 2552 inde
1008 2496 1091 2550 ira
1139 2506 1192 2549 et
1237 2495 1498 2567 iurgium.
1596 2498 1682 2551 11.
1729 2496 1895 2552 Visur
1931 2497 2011 2551 im
2060 2506 2346 2551 transeunt
2391 2495 2604 2552 Romani.

402 2524 735 2627 atavorum
780 2566 1096 2620 discrimen.
1190 2563 1512 2618 Cariovalda
1557 2585 1761 2620 caesuS.
1861 2571 1888 2620 1
1997 2565 2360 2621 Germanicus
2381 2562 2606 2620 'militum

406 2641 615 2695 animos
653 2636 911 2708 explorat.
954 2631 963 2639 ’
998 2633 1082 2686 13.
1130 2632 1445 2702 Transfugis
1481 2636 1786 2704 praemium
1803 2637 2243 2707 ‘pronuntiatum
2277 2656 2308 2688 a
2339 2635 2607 2692 Germanis,

405 2728 534 2762 mox
562 2705 750 2760 castris
775 2704 936 2756 Rom.
964 2700 1310 2756 adsultatum.
1382 2704 1467 2754 14.
1509 2701 1825 2759 Germanici
1851 2703 2146 2758 somnium.
2212 2703 2447 2774 Eiusque
2472 2703 2544 2756 15.
2566 2710 2608 2753 et

405 2773 646 2832 Arminii
668 2774 939 2828 orationes
962 2771 1029 2823 ad
1054 2783 1200 2824 suos.
1272 2770 1354 2823 16.
1390 2771 1570 2825 Locus
1592 2791 1803 2842 pugnae
1834 2793 1952 2827 cam
1996 2793 2058 2825 us
2087 2772 2415 2829 Idistavisus.
2470 2771 2606 2837 Acie-

407 2865 536 2900 rum
563 2840 870 2895 instructio.
946 2839 1026 2891 17.
1062 2839 1320 2893 Faustum
1360 2840 1667 2909 augurium.
1741 2842 1892 2913 Fuga
1918 2793 2329 2895 (firmanorum
2364 2854 2418 2904 et
2445 2840 2610 2894 clades.

409 2915 494 2969 18.
527 2911 640 2964 Tro
682 2929 836 2964 aeum
870 2907 1125 2979 positum.
1207 2908 1291 2960 19.
1333 2906 1464 2975 Quo
1503 2907 1772 2962 dedecore
1809 2930 2037 2964 accensa
2077 2929 2211 2981 gens
2250 2911 2448 2965 bellum
2479 2927 2609 2960 resu-

408 2982 528 3037 mit.
609 2930 698 3033 ὦ.
735 2977 949 3032 Acriter
985 2984 1303 3047 pugnatum.
1381 2978 1468 3029 21.
1504 2976 1752 3030 Vincunt
1787 2979 2006 3031 tandem
2032 2978 2299 3039 Romani,
2338 2994 2612 3050 quanquam

406 3049 664 3121 ambiguo
692 3046 934 3119 equitum
958 3045 1267 3098 certamine.
1347 3046 1435 3098 22.
1470 3044 1877 3100 Munimentum
1904 3058 1957 3100 et
1990 3047 2176 3099 titulus
2211 3067 2397 3100 rerum
2428 3045 2610 3116 magni·

316 3176 328 3188 ‚
388 3121 563 3181 ‘ficu-«1.
648 3117 736 3173 28.
770 3114 979 3168 Milites
1005 3112 1172 3166 classe
1199 3114 1423 3168 revecti.
1500 3114 1587 3165 24.
1623 3114 1700 3165 Ex
1727 3124 2039 3186 tempestate
2076 3116 2352 3169 calamitas
2388 3125 2439 3167 et
2470 3130 2613 3183 paene

407 3188 650 3241 exitium.
717 3181 1016 3238 Recollecti
1043 3180 1309 3252 naufragi.
1375 3180 1466 3235 25.
1498 3181 1617 3235 Hac
1641 3181 1864 3237 fortuna
1893 3195 2104 3238 erectos
2132 3184 2315 3238 denuo
2345 3183 2614 3238 Germanos

408 3256 728 3330 adgreditur
786 3249 1145 3320 Germanicus
1203 3250 1515 3321 caeditque,
1574 3250 1738 3304 simul
1798 3271 1826 3303 a
1867 3253 2033 3305 uilam
2084 3251 2374 3305 Varianam
2430 3250 2612 3318 recipit.

366 3321 372 3334 ’
408 3323 497 3380 26.
536 3324 682 3376 Tum
715 3321 877 3374 rebus
914 3316 1131 3372 infectis
1159 3330 1421 3372 avocatur
1449 3338 1479 3371 a
1505 3318 1744 3373 Tiberin.
1884 3357 1900 3374 .
1935 3321 2072 3373 Libo
2112 3320 2326 3374 Drusus
2363 3321 2426 3373 ab
2464 3317 2615 3371 amico

374 3421 377 3428 ⁴
410 3393 640 3446 delatus.
722 3390 819 3443 28..
846 3389 1143 3441 Accusatus
1178 3386 1238 3440 in
1276 3396 1493 3450 senatu,
1549 3389 1637 3440 29.
1674 3407 1845 3458 quum
1892 3401 2154 3461 patronos
2201 3407 2315 3443 non
2364 3387 2615 3459 reperiret,

408 3461 497 3515 30.
538 3478 642 3514 nec
677 3467 790 3509 tam
825 3454 1038 3508 sceleris
1061 3472 1224 3524 quam
1247 3454 1536 3510 vecordiae
1578 3456 1832 3510 convinci
1869 3467 2077 3530 posset,
2129 3475 2276 3510 novo
2316 3457 2431 3510 iure
2460 3471 2617 3508 servos

410 3526 660 3597 torqueri
694 3526 751 3578 in
787 3541 945 3576 suum
983 3540 1043 3575 ca
1084 3533 1144 3574 ut
1177 3523 1333 3578 vidit.
1423 3523 1509 3577 31.
1547 3523 1660 3577 lam
1698 3524 1898 3579 frustra
1934 3536 2090 3579 orato
2128 3525 2306 3595 princi
2347 3543 2376 3577 e
2415 3524 2539 3576 Libo
2568 3537 2616 3573 se

408 3596 528 3668 ipse
561 3591 817 3649 confecit.
910 3589 996 3644 82.
1067 3611 1103 3644 n
1137 3590 1462 3646 defunctum
1507 3594 1803 3647 sententiae
1848 3605 2183 3647 senatorum.
2335 3591 2544 3660 strologi
2574 3596 2619 3639 et

410 3662 557 3734 magi
597 3682 659 3716 ex
697 3657 873 3716 Italia-
918 3657 1043 3711 ulsi.
1115 3659 1202 3713 33.
1239 3659 1418 3713 Luxus
1443 3661 1693 3731 publicus
1718 3659 1913 3716 leviten
1929 3664 2231 3725 coercitus,
2306 3682 2428 3715 uem
2451 3659 2616 3714 defen-

334 3773 337 3776 .
413 3731 493 3785 dit
533 3728 772 3784 Asinius.
878 3729 879 3734 ’
912 3765 928 3780 .
972 3725 1190 3783 Pisonis
1232 3725 1485 3790 libertas,
1533 3728 1863 3799 Urgulaniae
1897 3732 2161 3801 potentia.
2231 3681 2320 3785 32.
2356 3731 2441 3784 De
2477 3725 2620 3779 rebus

449 3798 753 3854 referendis
791 3805 1067 3851 certamen
1104 3796 1161 3848 in
1198 3806 1408 3849 senatu.
1485 3796 1575 3850 36.
1614 3797 1790 3850 Asinii
1814 3800 2080 3853 sententia
2123 3799 2189 3853 de
2230 3798 2460 3852 comitiis
2489 3793 2618 3848 aTi-

383 3873 397 3898 '
410 3820 568 3923 {erio
600 3867 819 3921 reiecta.
889 3864 976 3918 87.
1011 3862 1224 3917 Hortali
1263 3863 1623 3919 levamentum
1651 3866 1867 3935 inopiae
1895 3886 2020 3924 suae
2083 3867 2314 3922 oscentis
2347 3864 2619 3920 orationem

412 3937 498 3992 88.
524 3945 709 4008 aspere
736 3931 1219 4004 excipitTiberius=
1257 3943 1440 3985 tamen
1464 3934 1648 3988 liberis
1675 3934 1790 3989 eius
1816 3935 2043 3989 nonnibi
2092 3925 2336 4005 largitur.
2401 3931 2484 3986 39.
2507 3929 2620 3985 Cle·

412 4005 612 4060 mentis
647 4000 785 4057 servi
823 4000 1051 4054 facinus.
1119 4001 1171 4053 Is
1194 4001 1519 4055 Postumum
1545 4002 1845 4075 Agrippam
1881 4023 1938 4057 se
1975 4004 2233 4057 mentitus
2267 4001 2441 4075 princi
2478 4000 2495 4052 i
2533 4016 2620 4053 cu·

413 4092 531 4128 ram
570 4071 775 4133 inficit,
818 4063 914 4122 sed
954 4067 1039 4121 40·
1071 4067 1313 4130 Sallustii
1353 4069 1532 4142 Crispi
1572 4073 1700 4126 dolo
1736 4082 1925 4144 captus
1962 4073 2246 4127 occiditur.
2315 4072 2400 4124 41.
2486 4081 2624 4122 omae

416 4140 742 4196 dedicantur
769 4157 915 4193 nova
941 4154 1123 4207 opera.
1285 4164 1289 4179 ·
2582 4161 2595 4192 s

588 4209 756 4262 Anno
795 4206 1042 4277 proximo
1073 4204 1374 4286 ‘triumphat
1404 4205 1782 4262 Germanicus.
1848 4208 1938 4274 42.
1976 4208 2276 4278 Archelaus
2314 4228 2403 4260 rex
2438 4205 2506 4262 Ca
2542 4219 2622 4274 1³²·

417 4277 618 4338 docum
647 4276 936 4344 in1urbem
969 4283 1178 4332 accitus
1214 4273 1402 4347 petits
1467 4275 1553 4333 43.
1598 4275 1798 4353 Oriens
1836 4278 2081 4333 turbatus
2111 4275 2466 4334 committitur
2544 4287 2620 4324 er·
