2794 5085
232 338 280 359 ’·
368 343 524 416 426
1166 322 1785 417 ANNALIUM
1874 398 1881 403 -
2118 338 2264 438 2ῑὲ
2301 339 2507 439 „1'3‘7'2

367 498 486 567 vel
554 497 635 566 in
700 511 924 568 castra
992 494 1384 580 Artabani,
1474 496 1702 568 donec
1768 493 2128 569 Tiridates
2192 525 2363 572 cum
2430 526 2608 594 pau-

295 684 302 692 ·
368 600 472 669 cis
521 600 602 669 in
649 596 934 695 Syriam
981 609 1299 669 revectus
1349 598 1626 691 pudore
1673 600 2104 691 proditionis
2167 626 2422 673 omnes
2487 628 2606 676 ex-

371 701 610 773 solvit.
669 782 680 795 l
913 726 924 733 “
1478 742 1483 749 ·
1944 724 1957 730 ·

341 908 349 916 ⁶
571 817 795 897 XLV.
872 818 1075 892 Idem
1108 843 1340 892 annus
1371 819 1574 910 gravi
1608 820 1769 910 igne
1795 821 2051 891 urbem
2079 822 2318 895 adficit
2359 825 2603 894 deusta

364 940 564 1019 parte
588 921 818 1010 Circi,
867 946 1050 1019 quae
1076 919 1439 993 Aventino
1472 923 1803 1013 contigua
1820 978 1841 1009 ‚
1891 920 2186 1018 ipsoque
2210 920 2602 999 Aventino.

365 1029 560 1123 quod
615 1027 960 1096 damnum
1005 1022 1264 1095 Caesar
1314 1027 1406 1094 ad
1461 1024 1763 1115 gloriam
1806 1027 2023 1097 vertit
2079 1028 2421 1098 exsolutis
2475 1029 2607 1097 do-

361 1152 615 1202 muum
646 1142 717 1200 et
738 1127 1137 1198 insularum
1166 1126 1437 1221 pretiis.
1526 1126 1789 1196 millies
1802 1128 2218 1199 ‘sestertium
2248 1154 2329 1199 ea
2358 1130 2605 1199 muni-

359 1229 641 1303 ficentia
680 1231 1108 1301 collocatum
1128 1282 1149 1314 ,
1215 1242 1416 1299 tanto
1475 1230 1829 1322 acceptius
1870 1230 1951 1299 in
1992 1232 2290 1321 vulgum
2333 1246 2604 1326 quanto

358 1331 684 1405 modicus
738 1331 1037 1427 privatis
1087 1330 1717 1404 aedificationibus.
1834 1354 1926 1401 ne
1980 1334 2263 1425 publice
2307 1333 2603 1428 quidem

361 1435 505 1505 nisi
571 1435 715 1505 duo
770 1457 982 1526 opera
1035 1432 1323 1517 struxit,
1409 1433 1755 1531 templum
1807 1427 2129 1525 Augusto
2197 1449 2267 1505 et
2317 1460 2604 1505 scenam

356 1534 780 1629 Pompeiani
805 1530 1093 1606 theatri:
1148 1558 1367 1629 eaque
1395 1536 1705 1627 perfecta
1733 1550 2146 1627 contemptu
2179 1538 2601 1607 ambitionis

299 1684 306 1689 ,
359 1663 457 1709 an
517 1663 646 1731 per
705 1650 1132 1708 senectutem
1195 1631 1392 1707 haud
1458 1636 1831 1711 dedicavit.
1961 1636 2102 1708 Sed
2157 1640 2600 1729 aestimando
2640 1638 2651 1650 '

358 1740 699 1834 cuiusque
768 1739 1191 1809 detrimento
1268 1752 1607 1832 quattuor
1664 1740 2038 1831 progeneri
2089 1737 2414 1811 Caesaris
2469 1740 2600 1816 Cn.

357 1841 756 1928 Domitius,
817 1834 1100 1912 Cassius
1138 1839 1554 1931 Longinus,
1626 1837 1737 1915 M.
1785 1839 2147 1928 ViniciuS,
2211 1841 2599 1914 Rubellius

331 1932 682 2016 Blandus
733 1943 1022 2028 delecti,
1077 1942 1504 2036 additusque
1549 1942 2042 2014 nominatione
2085 1940 2468 2015 consulum
2515 1943 2602 2018 Ρ.’

354 2044 763 2120 Petronius.
860 2041 960 2115 Et
986 2069 1115 2138 pro
1147 2043 1437 2135 ingenio
1469 2044 1810 2138 cuiusque
1847 2046 2147 2139 quaesiti
2190 2032 2595 2141 decretique

357 2149 440 2218 in
478 2148 877 2242 principem
918 2143 1254 2221 honores.
1391 2169 1573 2240 quos
1617 2147 1936 2217 omiserit
1981 2150 2416 2240 receperitve
2431 2204 2452 2235 ‚
2517 2148 2595 2218 in

359 2252 633 2323 incerto
675 2250 816 2321 fuit
852 2252 947 2321 ob
982 2250 1471 2343 propinquum
1515 2248 1704 2319 vitae
1751 2249 1989 2339 finem.
2103 2247 2355 2345 Neque
2405 2251 2597 2322 enim

357 2354 586 2424 multo
614 2365 776 2445 post
800 2351 1110 2444 supremi
1140 2349 1440 2421 Tiberio
1470 2350 1795 2420 consules
1812 2348 1955 2424 Cn.
1987 2352 2464 2439 Acerronius,
2515 2351 2595 2427 C.

356 2453 660 2526 Pontius
696 2454 1185 2545 magistratum
1229 2477 1592 2545 occepere,
1641 2454 1867 2522 nimia
1904 2454 2047 2522 iam
2082 2456 2404 2547 potentia
2433 2455 2597 2526 Ma-

359 2557 634 2642 cronis,
684 2557 810 2651 qui
840 2555 1136 2646 gratiam
1161 2553 1245 2629 C.
1273 2552 1594 2633 Caesaris
1622 2580 1991 2649 nunquam
2031 2556 2171 2626 sihi
2203 2560 2594 2649 neglectam
2636 2637 2639 2660 Ε

360 2660 590 2730 acrius
629 2659 709 2727 in
749 2658 907 2730 dies
940 2657 1257 2741 fovebat,
1308 2656 1823 2751 impuleratque
1854 2673 2016 2750 post
2040 2674 2345 2730 mortem
2378 2660 2596 2732 Clau-

358 2761 560 2846 diae,
633 2784 849 2856 quam
875 2772 1186 2853 nuptam
1229 2756 1299 2828 ei
1346 2760 1627 2846 rettuli,
1688 2784 1985 2831 uxorem
2029 2785 2230 2831 suam
2274 2758 2595 2835 Enniam

431 3039 568 3097 CAr.
604 3038 694 3092 45.
775 3037 942 3106 gravi
975 3037 1118 3104 igne.
1203 3034 1277 3091 cf.
1315 3031 1433 3089 Dio
1517 3034 1613 3089 Sic
1642 3036 1955 3090 immittere
1990 3038 2232 3106 aliquem
2273 3043 2595 3094 accusando

360 3110 445 3174 58,
471 3109 558 3162 26,
1516 3106 1696 3157 alicui
1740 3106 1848 3160 An.
1889 3109 1970 3170 11,
2009 3108 2059 3166 1.
2155 3105 2244 3158 Ab
2292 3106 2399 3159 hac
2445 3120 2594 3179 parte

429 3175 928 3242 modicusprivatis
944 3173 1435 3242 aedificationffiue.
1519 3183 1660 3226 stant
1696 3175 1819 3227 edd.
1856 3173 1977 3228 Alc.
2013 3173 2259 3227 Rhenan.
2290 3174 2419 3229 Ald.
2458 3196 2591 3249 sqq..

357 3235 612 3302 Heiniius
646 3262 928 3316 perperam
965 3241 1200 3297 coniecit
1227 3242 1432 3309 priva-
1519 3260 1659 3313 quae
1687 3242 1868 3296 ferunt
1892 3262 2110 3296 comma
2135 3254 2259 3314 post
2285 3245 2592 3299 immitten-

360 3326 457 3370 tae
512 3314 936 3382 aedificationis.
1048 3310 1123 3365 cf.
1186 3321 1304 3364 not.
1366 3311 1435 3365 ad
1519 3316 1593 3362 do
1627 3311 1884 3381 positum.
1984 3311 2089 3365 Sed
2127 3312 2323 3366 melius
2365 3313 2593 3369 sortasse

361 3405 411 3441 ς,
443 3384 530 3438 30,
1251 3415 1254 3420 -
1519 3380 1828 3448 impulerat
1865 3380 2162 3433 referemus
2215 3381 2282 3433 ad
2321 3384 2592 3447 gratiam,

248 3487 252 3498 .
427 3453 705 3518 templum
737 3451 995 3516 Augusto
1026 3455 1130 3501 etc.
1199 3447 1432 3501 Sueten.
1519 3457 1580 3500 ut
1604 3447 1671 3500 sit
1696 3448 1987 3519 impulsum
2005 3448 2281 3520 addiderat
2299 3470 2428 3504 suae
2450 3454 2590 3525 apud

357 3521 480 3582 Tib.
515 3519 670 3574 047.
741 3518 856 3572 Cal.
883 3518 1037 3571 021.
1103 3516 1218 3570 Dio
1242 3517 1325 3579 57,
1350 3519 1431 3570 10.
1518 3515 1709 3570 Caium
1739 3519 1935 3586 gratiae
1970 3517 2024 3570 h.
2054 3536 2102 3569 e.
2145 3518 2388 3572 enixiore
2416 3532 2470 3573 et
2505 3542 2593 3593 ρε-Ι

360 3589 559 3644 Vellei.
594 3590 644 3653 2,
672 3587 788 3640 130.
1269 3602 1282 3606 ’
1518 3583 1711 3639 euliari
1797 3585 1989 3638 uadam
2040 3604 2205 3656 opera
2254 3586 2590 3655 incitaverat,

427 3659 638 3711 rettuli.
705 3676 757 3710 e.
778 3657 866 3709 ffl-
938 3655 1048 3708 lam
1074 3650 1278 3725 triplici
1305 3673 1432 3706 mo·
1515 3652 1725 3707 scilicet
1876 3655 1889 3668 ⁹
1910 3673 1980 3724 ⁴m
2004 3656 2384 3710 imnduendo.
2449 3658 2589 3713 Tum

362 3730 434 3784 do
479 3726 638 3780 huius
692 3723 801 3777 loci
851 3725 1017 3778 verba
1079 3722 1252 3793 accipi
1308 3741 1433 3794 pos-
1517 3720 1772 3776 infinitivi
1800 3725 2040 3787 inlioere,
2066 3725 2289 3776 vincere
2311 3746 2433 3797 sqq.
2463 3748 2587 3782 con·

360 3807 507 3851 sunt.
587 3792 698 3848 Alii
742 3794 1085 3863 coniungunt
1119 3793 1455 3848 1'mm121en-‘
1516 3791 1818 3845 structione
1843 3811 2032 3863 graeca
2059 3803 2357 3861 ponuntur,
2392 3796 2460 3849 de
2487 3816 2588 3868 qua

360 3870 434 3922 do
462 3881 691 3926 amore,
732 3880 868 3933 quae
903 3862 1042 3915 ratio
1081 3880 1270 3932 parum
1308 3863 1434 3914 sub-
1515 3857 1734 3912 uberius
1759 3859 1970 3914 dicetur
1994 3860 2062 3913 ad
2076 3862 2180 3914 An.
2204 3864 2352 3922 11,1.
2396 3864 2589 3920 Graeci

360 3933 482 3988 sidii
527 3932 700 3988 habet.
737 3949 769 3983 a
815 3930 1072 4001 loquendi
1107 3948 1228 3983 usu.
1325 3929 1433 3983 Alii
1520 3929 1665 3980 enim
1698 3928 1778 3982 sie
1816 3948 1974 3983 ursur
2015 3939 2107 3983 ant
2133 3929 2465 3987 infinitivum
2489 3954 2587 4006 pro

275 4013 288 4038 ⁸
359 4002 599 4059 malunt=
642 4002 1044 4066 impuleratque
1071 4034 1153 4053 ...
1183 3998 1436 4051 Enniam
1519 3993 1654 4057 ὤςτε
1694 4016 1744 4051 c.
1775 3996 1875 4051 inf.
1908 4041 1911 4044 .
2007 4010 2217 4053 etex-um
2253 4019 2463 4056 amore
2502 4005 2590 4056 in·

363 4072 751 4128 immittendo,
800 4078 858 4121 ut
889 4068 964 4122 ita
999 4067 1329 4121 accusativus
1364 4065 1433 4119 ad
1517 4068 1679 4118 licere
1711 4065 1910 4122 dicitur
1944 4078 2005 4120 ut
2034 4072 2270 4131 pellexit
2308 4075 2588 4125 adulterio

361 4151 546 4194 utrum
588 4158 655 4191 ue
703 4137 937 4192 verbum
982 4136 1263 4209 pertineat.
1358 4135 1434 4189 cf.
1504 4136 1569 4197 A,
1597 4133 1648 4187 3.
1732 4134 2071 4192 postremam
2113 4137 2385 4193 rationem
2433 4142 2586 4195 video

363 4219 478 4262 not.
521 4158 588 4260 2³
620 4205 757 4260 Hist.
800 4205 958 4265 1.64.
1031 4204 1174 4257 Tum
1216 4206 1433 4257 itanu‘c-
1519 4201 1785 4255 etRotbio
1805 4215 2079 4275 acceptam
2098 4203 2154 4256 in
2169 4204 2392 4276 Quaest.
2408 4208 2587 4262 Gram,

365 4279 536 4328 tendo
572 4275 797 4347 ponitur
830 4293 931 4345 pro
977 4273 1315 4333 immittens,
1373 4282 1437 4326 ut
1520 4272 1727 4340 (Neues
1739 4272 2165 4339 Arakivflllhil.
2193 4275 2417 4333 mffld.
2442 4272 2590 4333 1830.

307 4387 316 4406 .
365 4359 415 4400 e.
456 4342 544 4400 38.
593 4344 916 4398 obieoxando
971 4360 1073 4414 pro
1132 4343 1432 4397 obtectam.
1519 4360 1573 4412 p.
1599 4339 1712 4410 29.)
1745 4368 1812 4383 -
1885 4341 1970 4396 De
1993 4361 2053 4395 re
2075 4344 2147 4397 cf.
2174 4344 2285 4399 Dio
2315 4348 2401 4412 58,
2421 4350 2506 4404 28.
