2794 5085
2237 392 2308 436 A.
2321 391 2388 438 U.
2405 391 2505 445 7¹85.

2236 450 2302 491 Α.
2320 444 2383 490 C.
2429 446 2507 488 ³2.

373 332 526 480 see
1175 346 1791 473 ANNALIUM

371 578 815 657 querensque
855 555 947 623 de
984 553 1302 646 potentia
1342 550 1450 628 M.
1478 551 1738 647 Lepidi
1785 551 1988 628 acL.
2026 549 2401 638 Arruntii,
2447 575 2615 623 cum

373 661 636 758 quibus
709 658 805 728 ob
873 679 1028 726 rem
1087 654 1575 747 pecuniariam
1644 656 2090 749 ,disceptabat
2105 710 2126 743 ‚
2219 650 2613 724 addidisse:

375 764 596 853 „illos
639 759 934 853 quidem
993 769 1277 827 senatus
1292 811 1313 843 ,
1372 782 1492 827 me
1542 771 1781 828 autem
1832 758 2154 829 tuebitur
2195 755 2639 840 Tiberiolus·

375 874 651 952 ,'‚meus.
665 861 700 887 '¹
812 880 1045 954 neque
1090 870 1344 929 cuncta
1383 883 1427 928 a
1465 860 1903 953 primoribus
1943 858 2249 930 civitatis
2291 859 2618 940 revince-

371 970 616 1051 batur,
695 961 923 1057 iisque
975 956 1407 1031 instantibus
1465 962 1557 1031 ad
1619 962 2119 1054 imperatorem
2176 960 2619 1053 provocavit.

373 1092 507 1139 nec
549 1065 781 1135 multo
833 1076 995 1156 post
1047 1063 1325 1134 litterae
1369 1063 1830 1149 adferuntur,
1889 1063 2151 1157 quihus
2194 1063 2279 1131 in
2316 1063 2621 1132 modum

373 1166 806 1242 defensionis
834 1165 1136 1258 repetito
1176 1164 1372 1251 inter,
1391 1187 1465 1233 se
1494 1178 1704 1260 atque
1725 1161 2010 1236 Cottam
2033 1163 2390 1235 amicitiae
2415 1163 2622 1256 prin-

374 1270 562 1365 cipio
610 1267 1016 1359 crebrisque
1070 1266 1225 1336 eius
1269 1265 1521 1336 officiis
1572 1266 2138 1337 commemoratis
2155 1322 2176 1353 ,
2249 1290 2344 1334 ne
2401 1267 2622 1335 verba

374 1397 593 1468 prave
622 1371 897 1441 detorta
927 1392 1069 1439 neu
1109 1366 1594 1439 convivalium
1610 1440 1619 1447 ,
1634 1368 2041 1439 fabularum
2081 1362 2505 1461 simplicitas
2544 1367 2623 1434 in

375 1476 647 1547 crimen
675 1473 1085 1555 duceretur,
1133 1469 1543 1562 postulavit.
1643 1468 1933 1562 Insigne
1959 1470 2197 1541 visum
2225 1484 2332 1542 est
2377 1493 2620 1565 earum

263 1568 268 1575 ⁵
321 1614 330 1631 κ
373 1574 697 1656 Caesaris
720 1573 1123 1643 litterarum
1155 1571 1470 1645 initium.

281 2178 302 2211 κ’
381 2200 762 2258 verterant.

493 1668 512 1685 “
579 1673 712 1750 VI.
786 1672 977 1744 Nam
1006 1668 1131 1750 ¹his
1171 1672 1411 1743 verbis
1459 1696 1747 1749 exorsus
1793 1687 1923 1743 est:
2004 1727 2049 1758 ‚‚
2068 1670 2269 1762 Quid
2312 1672 2624 1743 scribam

376 1778 641 1868 „vobis
678 1775 794 1850 .P.
830 1772 913 1848 C.
956 1787 1080 1845 aut
1120 1776 1481 1870 quomodo
1520 1775 1863 1864 scribagm,
1930 1788 2056 1845 aut
2097 1776 2276 1869 quid
2320 1776 2621 1844 omnino

378 1873 589 1970 gnon
619 1876 925 1950 scribam
965 1871 1104 1947 hoc
1145 1890 1499 1969 tempore,
1549 1876 1654 1946 dii
1691 1901 1806 1946 me
1849 1877 2158 1970 deaeque
2205 1879 2413 1971 peius
2462 1901 2624 1970 per,-

337 1976 346 1983 ’
380 1985 648 2070 „dant,
671 2004 909 2076 ,quam
935 1978 1170 2072 perire
1196 2002 1312 2047 me
1344 1978 1666 2072 quotidie
1694 1980 1957 2064 sentio,
2004 1979 2066 2047 si
2092 1978 2312 2053 sci0.''
2340 1992 2345 1997 '
2417 1974 2621 2048 Adeo

379 2085 698 2157 facinora
761 2096 975 2175 atque
1022 2081 1290 2172 flagitia
1353 2102 1481 2151 sua
1534 2081 1672 2173 ipsi
1723 2105 2007 2175 quoque
2057 2081 2138 2150 in
2190 2081 2625 2174 supplicium

892 2207 1126 2278 neque
1189 2184 1452 2254 frustra
1515 2182 2158 2274 praestantissimus
2234 2184 2625 2276 sapientiae

384 2290 666 2360 firmare
718 2285 967 2357 solitus
1010 2299 1145 2371 est,
1211 2276 1275 2356 si
1312 2286 1774 2365 recludantur
1814 2298 2289 2384 tyrannorum
2328 2299 2625 2371 mentes,

455 2583 818 2639 querensque.
890 2563 983 2619 Sic
1021 2562 1143 2617 edd.
1174 2564 1297 2618 Alc.
1319 2564 1461 2619 Rhe·

386 2659 516 2693 nan.
541 2655 662 2708 sqq.
699 2649 1087 2705 quaerensque
1110 2633 1198 2688 ed.
1211 2631 1462 2691 Beroald.

429 2726 527 2760 uae
559 2704 769 2775 saepius
804 2704 878 2756 ita
917 2699 1209 2755 confundit
1233 2721 1305 2755 ae
1330 2712 1382 2756 et
1413 2722 1463 2758 e.

383 2728 663 2829 zie-,torius
691 2772 749 2826 in
773 2792 817 2824 s.
847 2790 896 2824 e.
936 2770 1170 2824 correxit
1202 2788 1465 2839 querens-

424 2862 515 2897 ue.

414 2927 632 2981 emque.
719 2907 819 2964 Pie
857 2928 955 2962 ena
989 2926 1020 2961 e
1056 2903 1180 2963 MS.
1216 2920 1462 2965 veterem

388 2979 715 3053 scripturam
741 2978 992 3032 restituit.

375 3163 378 3164 ⁷
456 3113 636 3166 neque
657 3103 875 3149 cuncta.
927 3092 1463 3156 Edd.Beroald.Alc.

385 3165 563 3219 Rhen.
590 3163 715 3217 Ald.
742 3181 922 3231 neque
949 3172 1258 3216 cunctatus.
1322 3162 1463 3217 Edd.

384 3234 534 3306 Lips.
575 3231 738 3296 Grut.
777 3249 963 3299 neque
994 3233 1292 3284 contentius,
1373 3230 1464 3283 Pi-

391 3302 561 3357 chena
599 3319 630 3354 e
668 3300 794 3354 cod.
833 3299 960 3353 MS.
1005 3299 1246 3371 reposuit
1279 3314 1464 3367 neque

387 3378 617 3433 cunctm·
646 3368 945 3439 suspicatus
969 3379 1151 3420 tamen
1175 3378 1254 3421 est
1280 3366 1463 3439 legen·

390 3440 553 3493 duma
575 3456 750 3506 eaque
776 3445 1006 3501 οιιησίας
1039 3435 1313 3491 Heinsiusz
1333 3439 1465 3504 quin

387 3524 568 3576 aeque
596 3514 830 3568 cuncta;
872 3505 982 3558 Iac.
1015 3503 1362 3561 Gronovius:
1397 3508 1462 3556 il-

387 3579 474 3632 los
513 3576 739 3644 quidem
771 3582 1039 3637 senatus,
1100 3592 1194 3626 me
1229 3576 1470 3627 autem?

385 3643 979 3699 auehitur-Romanas
993 3660 1293 3697 meusme:
1318 3661 1464 3713 quae

385 3721 608 3772 cuncta.
675 3710 916 3765 Frustra.
985 3710 1116 3765 Duo
1143 3711 1342 3766 Noster
1372 3711 1464 3765 ad·

388 3783 526 3845 fert,
598 3798 736 3852 quae
792 3778 1153 3834 accusationis
1204 3791 1463 3835 eventum

387 3848 765 3922 impedierunt
874 3847 1074 3901 rimu'm
1135 3849 1286 3920 quod
1346 3868 1463 3902 non

381 3930 584 3975 cuncta
607 3916 831 3973 revince
901 3925 1016 3980 tur,
1059 3918 1287 3970 alterum
1312 3919 1463 3989 quod

387 3988 457 4042 ad
485 3988 867 4058 imperatorem
906 3986 1256 4057 provocavit,
1290 4006 1464 4058 quum

313 4113 318 4120 ,
387 4056 657 4136 primores
706 4053 937 4130 civitatis
986 4053 1341 4109 nihilominus
1381 4055 1464 4108 in-

391 4133 613 4178 starent.

458 4247 519 4296 in
546 4246 758 4298 crimen
783 4209 1102 4297 duceretur.
1173 4242 1244 4297 H.
1271 4264 1321 4297 e.
1361 4245 1464 4299 cri·

393 4312 530 4367 mini
572 4313 881 4374 duceretur.
952 4311 1245 4385 Aptissime
1270 4311 1481 4383 wop·-

394 4380 611 4442 tensius
649 4381 824 4437 attulit
857 4379 1075 4436 Sallust.
1119 4381 1237 4450 lug.
1287 4399 1339 4438 c.
1380 4383 1469 4437 85.

586 2840 726 2895 Edd.
751 2838 900 2962 Lifls.
942 2847 995 2893 et
1025 2835 1187 2892 Grut.
1232 2858 1462 2908 queren·
1483 2865 1501 2881 ·

1545 2582 1621 2687 Ze
1646 2566 1772 2635 quis
1794 2549 2131 2619 modestiom
2147 2566 2209 2617 in
2226 2568 2623 2621 conscientiam

1587 2643 1787 2688 acer-et.

1618 2717 1755 2773 Cu.
1775 2718 1830 2771 6.
1897 2718 2031 2786 quid
2050 2721 2320 2791 scribam.
2373 2724 2450 2778 cf.
2476 2723 2621 2778 Suet.

1545 2787 1671 2842 Tib.
1702 2807 1754 2841 c.
1785 2787 1872 2840 67.
1923 2840 1933 2870 ι

1609 2874 1800 2940 perire
1839 2891 1947 2927 me.
2035 2872 2130 2928 Sic
2168 2877 2292 2930 cod.
2330 2875 2460 2930 MS.
2502 2876 2617 2930 edd.

1545 2940 1799 2995 Beroald.
1842 2940 1964 2996 Alc.
2004 2942 2250 2999 Rhenan.
2295 2944 2426 2999 Ald.
2479 2946 2617 3016 Lips.

1546 3012 1741 3083 prima.
1813 3008 2103 3064 Suetonius
2131 3011 2165 3063 l.
2197 3014 2232 3066 Ι.
2275 3014 2479 3068 omittit
2517 3033 2618 3078 me,

1549 3099 1725 3151 eoque
1764 3089 1990 3132 auctore
2028 3088 2085 3132 et
2122 3081 2359 3135 editores
2404 3083 2619 3152 quidam

1545 3148 1720 3202 Taciti
1758 3147 1923 3217 (Lips.
1964 3148 2115 3202 Pich.
2153 3149 2317 3204 Grut.
2360 3151 2536 3204 Berne

1549 3216 1801 3271 Gronov.
1831 3216 2053 3288 Ryck.).
2123 3218 2476 3273 Recentiores
2501 3170 2620 3272 infe

1547 3305 1578 3340 a
1602 3285 1709 3339 lac.
1739 3283 2027 3341 Gronovio
2052 3285 2243 3340 Tacito
2272 3288 2567 3342 restituere.

1616 3364 1927 3408 verterant.
1995 3355 2371 3420 Intransitive,
2401 3368 2462 3410 ut
2496 3357 2618 3410 infr.

1547 3441 1599 3477 c.
1627 3422 1717 3474 46.
1763 3440 1836 3474 ne
1868 3440 2077 3475 nomen
2106 3423 2420 3477 Caesarum
2454 3429 2514 3479 in
2543 3430 2617 3478 lu·

1546 3491 1735 3544 dibi-ia
1783 3500 1840 3543 et
1887 3495 2259 3545 contumelias
2304 3503 2589 3548 verterent
2600 3513 2619 3557 ‚-

1551 3563 1633 3622 11,
1656 3560 1745 3613 28.
1780 3561 1836 3612 si
1865 3577 1960 3612 res
1992 3571 2295 3615 verterent.
2357 3562 2615 3617 German.

1550 3648 1600 3683 c.
1627 3627 1715 3681 31.
1765 3632 1924 3693 apud
1962 3619 2154 3684 Cdttos
2191 3632 2248 3683 in
2285 3648 2615 3686 eonsensum

1547 3700 1736 3753 vertit.
1978 3719 1983 3727 ·

1597 3765 2126 3833 praestantissimus
2137 3769 2478 3834 sapientiae.
2506 3768 2614 3823 Cic.

1549 3834 1617 3888 de
1632 3844 1834 3888 senect.
1847 3835 1994 3889 021.
2012 3838 2075 3897 is,
2101 3837 2355 3904 quiesset
2375 3841 2617 3891 omnium

1547 3904 1995 3968 sapientissimus
2054 3909 2290 3958 oraculo
2347 3908 2617 3973 Apollinis

1549 3972 1846 4026 iudicatus.
1908 3972 1989 4025 ld.
2021 3973 2089 4026 de
2114 3973 2313 4027 amicit.
2343 3977 2445 4028 c.2
2466 3985 2518 4027 et
2534 3976 2583 4027 4.

1604 4042 1875 4103 firmare.
1945 4033 2163 4094 Eodem*
2193 4061 2353 4096 sensu
2396 4063 2446 4096 c.
2473 4044 2543 4096 28
2567 4055 2614 4096 et

1550 4110 1639 4162 50.
1714 4108 1906 4178 Utitur
1928 4111 2136 4182 saepius
2163 4112 2338 4165 verbis
2367 4112 2613 4183 simplici·

1550 4179 1654 4232 bus
1677 4197 1779 4249 pro
1806 4179 2138 4248 compositis.
2209 4180 2303 4233 Sic
2327 4179 2456 4233 infr.
2491 4202 2537 4246 c.
2562 4182 2610 4235 9.

1548 4264 1780 4300 noscere
1809 4265 1911 4319 pro
1939 4261 2281 4314 cognoscere.

1616 4317 1673 4367 si
1698 4319 2066 4370 recludantur
2099 4329 2203 4372 etc.
2278 4318 2366 4372 Ad
2404 4338 2611 4378 sensum

1548 4394 1676 4437 sunt
1702 4384 1845 4455 apud
1860 4382 2070 4439 Platon.
2102 4386 2167 4440 de
2179 4386 2316 4458 Rep.
2343 4388 2396 4448 9,
2427 4409 2482 4460 p.
2499 4388 2605 4442 579.
