2794 5085
2200 304 2481 350 At.15“⁷7³.

2202 355 2481 402 menae:
2594 401 2597 406 ,
2694 392 2712 414 ,

346 303 506 386 222
1127 302 1789 380 ,ANNALIUM'
1900 359 1907 364 .

339 470 500 540 foro
532 464 914 533 imminens
927 518 949 550 ,
996 458 1172 533 'festa
1210 479 1491 534 ornatu’
1514 463 2064 558 conviviumque
2106 479 2180 536 et
2216 467 2467 558 epulae
2514 479 2597 554 et

344 567 749 643 celebritate
777 567 919 636 loci
945 562 1134 636 nihil
1157 568 1537 640 occultum.
2088 571 2097 577 ’

543 669 637 744 X.
698 667 989 739 Postera
1032 667 1150 738 die
1193 668 1563 756 Fulcinius
1592 666 1771 738 Trio
1794 667 2132 740 Pisonem
2176 673 2372 763 apud
2409 696 2592 741 con-

340 776 532 846 sules
560 772 966 865 postulavit.
1067 786 1316 841 contra
1343 771 1679 841 Vitellius
1718 797 1798 840 ac
1829 771 2182 842 Veranius
2228 769 2590 867 ceterique

278 883 292 894 '
342 875 856 949 Germanicum
932 875 1252 945 comitati
1333 875 1723 950 tendebant
1800 875 2042 967 nullas
2125 899 2275 944 esse
2348 891 2594 968 partes

341 977 634 1051 Trioni:
718 1000 951 1070 neque
1013 1002 1086 1045 se
1149 991 1618 1062 accusatores»,
1690 977 1816 1046 sed
1865 1001 2109 1046 rerum
2176 978 2453 1047 indices
2517 992 2590 1049 et

289 1109 292 1120 ·
340 1075 550 1154 testes
576 1080 910 1149 mandata
939 1076 1353 1150 Germanici
1390 1080 1808 1171 perlaturos.
1913 1077 2044 1149 Ille
2090 1080 2386 1149 dimissa
2430 1081 2590 1150 eius

339 1205 598 1255 causae
623 1181 1014 1267 delatione,
1060 1196 1142 1251 ut
1180 1183 1498 1274 priorem
1537 1180 1762 1251 vitam
1798 1197 2197 1267 accusaret,
2244 1182 2588 1269 obtinuit,

225 1285 250 1300 ‘
335 1286 777 1380 petitumque
815 1296 918 1383 est
955 1309 992 1352 a
1031 1284 1389 1376 principe,
1442 1284 1917 1373 cognitionem
1952 1285 2328 1378 exciperet:
2387 1286 2588 1378 quod

337 1413 431 1457 ne
477 1411 641 1457 reus
684 1385 976 1480 quidem
1020 1385 1378 1456 abnuebat
1414 1387 1645 1455 studia
1692 1386 1945 1478 populi
1991 1402 2061 1456 et
2104 1400 2394 1480 patrum
2432 1395 2591 1456 md-
2652 1401 2664 1416 ¹

335 1506 580 1564 tuens:
631 1503 878 1560 contra
917 1486 1301 1584 Tiberium
1346 1489 1765 1582 spernendis
1806 1490 2220 1562 rumoribus
2258 1490 2587 1559 validum

335 1609 407 1665 et
434 1590 902 1663 conscientiae
938 1591 1186 1661 matris
1220 1592 1563 1660 innexum
1595 1615 1774 1659 esse:
1826 1616 2134 1685 veraque
2180 1605 2306 1662 aut
2334 1593 2436 1660 in‘
2456 1594 2585 1661 de-

264 1760 270 1765 .
332 1696 556 1766 'terius
597 1693 861 1764 credita
897 1692 1130 1762 iudice
1173 1696 1263 1763 ab
1304 1717 1455 1762 uno
1491 1693 1773 1784 facilius
1814 1694 2149 1764 discerni:
2216 1695 2472 1764 odium
2512 1710 2586 1766 et

237 1879 240 1882 ‚
309 1797 686 1878 ,invidiam
723 1796 914 1888 apud
952 1797 1217 1875 multos
1252 1797 1512 1868 valere.
1616 1791 1834 1865 Haud
1872 1797 2175 1866 fallebat·
2197 1796 2619 1869 Tiberium¹
2686 1865 2693 1872 ,

329 1901 556 1969 moles
603 1898 1029 1989 cognitionis
1064 1923 1343 1992 quaque
1387 1899 1539 1989 ipse
1576 1898 1764 1967 fama
1806 1896 2337 1990 distraheretur.
2443 1901 2585 1991 igi-

331 2016 455 2090 tur
495 2002 739 2094 paucis
785 2000 1248 2071 familiarium
1303 1996 1645 2099 adhibitis
1689 2002 1923 2112 ruinas
1969 2004 2458 2072 accusantium
2509 2016 2586 2074 et

330 2098 502 2175 hinc
542 2128 784 2197 preces
836 2103 1038 2175 audit
1089 2104 1577 2196 integramque
1624 2128 1908 2173 causam
1960 2105 2051 2174 ad
2093 2120 2419 2177 senatum
2463 2129 2586 2174 re·-

333 2208 580 2281 mittit.
1644 2271 1649 2276 ,
2094 2199 2099 2202 ’

538 2307 671 2382 ΧΙ.
737 2302 973 2408 Atque
1017 2306 1305 2376 interim
1343 2305 1623 2377 Drusus
1661 2309 1942 2377 rediens
1971 2305 2301 2408 Illyrico,
2347 2334 2609 2402 quan-·

333 2436 552 2505 quam
599 2424 833 2502 patres
886 2409 1326 2478 censuissent
1370 2411 1466 2478 ob
1519 2424 1880 2502 receptum
1922 2409 2465 2482 Maroboduum
2513 2426 2587 2483 et
2656 2439 2659 2442 ·

330 2537 445 2585 res
485 2513 725 2605 priore
773 2525 1030 2582 aestate
1078 2524 1335 2601 gestas,
1408 2525 1489 2581 ut
1535 2537 1756 2582 ovans
1798 2513 2051 2599 iniret,
2118 2515 2398 2606 prolato
2444 2509 2585 2585 ho-

331 2639 510 2687 nore
570 2616 825 2685 urbem
891 2614 1209 2686 intravit.
1356 2611 1525 2684 Post
1581 2640 1763 2708 quae
1809 2640 1933 2686 reo
1992 2615 2076 2691 L.
2122 2613 2583 2704 Arruntium,

383 2879 548 2946 festa
568 2885 798 2930 ornatu.
864 2876 958 2931 Sic
983 2875 1107 2931 eod.
1126 2874 1253 2928 MS.
1282 2875 1406 2929 edd.

327 2945 578 3003 Beroald.
612 2945 786 3001 Rhen.
817 2945 943 3000 Ald.
1016 2945 1232 3001 Deinde
1258 2945 1404 3016 Lips.

328 3037 452 3089 sqq.
486 3014 705 3071 edidere
721 3016 899 3084 sesto.
972 3015 1226 3069 Veterem
1264 3014 1405 3067 scri-

368 3096 548 3140 turam
582 3085 855 3139 revocavit
886 3084 1182 3138 Ernestius.
1255 3083 1328 3137 ef.
1355 3083 1407 3145 2,

324 3107 413 3211 89.
428 3155 657 3223 festam
676 3155 1143 3206 Antiochensium
1163 3156 1405 3220 plebem.

324 3225 516 3279 Horat.
547 3222 656 3275 Od.
687 3221 738 3285 8,
767 3224 849 3286 18,
878 3225 960 3275 11.
985 3222 1177 3290 festus
1201 3237 1408 3290 pagus,

308 3294 626 3347 ’Ornatam
651 3291 835 3363 accipe
864 3289 930 3343 de
955 3290 1139 3354 lauro,
1169 3289 1408 3349 coronis,

326 3361 528 3415 fronde
565 3360 705 3431 apud
742 3370 925 3431 postes
966 3360 1258 3429 suspensis.
1330 3356 1406 3413 cf.

326 3430 521 3487 Iuven.
550 3430 602 3492 6,
627 3428 696 3482 79
723 3438 773 3481 et
799 3429 920 3481 226.
975 3429 1048 3481 id.
1074 3428 1125 3488 9,
1151 3428 1239 3482 85.
1391 3437 1399 3442 ’

398 3499 829 3566 conviviumque
862 3507 918 3550 et
955 3501 1167 3565 epulae.
1258 3496 1407 3549 Con·

327 3567 567 3632 nivium,
608 3566 1004 3635 Gesellschaft,
1044 3565 1253 3630 Giiste,
1292 3565 1408 3618 Ga·
1442 3590 1445 3593 ·

326 3637 537 3702 sterei5
576 3639 801 3704 epulae,
833 3636 1014 3704 Tasel.
1085 3633 1247 3689 Roth.
1281 3654 1334 3706 p.
1351 3634 1406 3690 7.

326 3707 463 3762 baec
484 3706 625 3760 inter
648 3716 955 3776 synonyma
980 3703 1157 3757 habet.

396 3778 539 3828 nihil
573 3776 890 3856 occultum..
935 3772 1019 3854 cf.
1051 3772 1103 3836 2,
1127 3772 1212 3827 18.
1255 3773 1414 3826 nihil

259 3922 264 3923 f
328 3862 676 3969 '‘w‘'i'a.
722 3841 1213 3966 visistati-1...
1273 3958 1280 3965 ,
1319 3909 1415 3965 sse

332 3984 459 4038 cod.
486 3980 609 4036 MS.
648 3980 771 4036 edd.
802 3979 1053 4034 Beroald.
1079 3979 1255 4034 Rhen'.
1284 3980 1411 4035 Ald.

328 4051 476 4125 Lips.
517 4051 678 4107 Grut.
712 4059 783 4133 ‘et
827 4049 952 4103 dein
996 4049 1105 4103 Iac.
1158 4047 1410 4131 Gronov.

332 4140 455 4246 {ultil-
487 4118 1411 4258 ,EeterltjtiiiheglddfqailnteomLiz‘i-xitaxldi

331 4259 463 4313 daut
487 4259 838 4321 Verannt'us‚
875 4276 1045 4330 quum
1072 4257 1125 4322 2,
1147 4255 1217 4311 56
1241 4267 1295 4312 et
1317 4256 1409 4310 74.

333 4327 562 4385 habeant
585 4327 912 4383 Veranium.

1562 2877 1777 2932 Trioni.
1842 2879 2091 2953 Muretus
2112 2879 2355 2936 Trionis.
2425 2879 2576 2934 Fru-

1490 2958 1619 3001 stra.

1560 3036 1928 3108 cognitionem
1952 3035 2250 3101 exciperet.
2318 3010 2450 3087 bion
2478 3038 2580 3088 ad·

1494 3107 1742 3157 mitteret
1758 3141 1774 3164 ‚
1809 3103 1901 3157 sed
1928 3106 2263 3170 susciperet,
2303 3106 2581 3157 uber-neh·

1494 3191 1642 3226 men.

1561 3257 1930 3310 conscientiae
1953 3258 2178 3311 matris.
2243 3255 2319 3312 cs.
2349 3276 2503 3328 supr.
2526 3260 2578 3322 2,

1492 3327 1562 3381 77
1593 3338 1645 3380 et
1672 3326 1758 3378 82.

1563 3412 1754 3465 odium
1791 3421 1849 3463 et
1882 3412 2177 3464 invidiam.
2248 3409 2576 3485 synonyma

1491 3480 1797 3535 secundum
1822 3479 1988 3534 Roth.
2019 3500 2072 3551 p.
2097 3480 2150 3532 7.

1562 3567 1759 3618 moles.
1826 3560 2193 3619 Ed.Beroald.
2211 3567 2397 3630 molz‘S,
2427 3567 2576 3637 quod

1462 3692 1463 3695 Ἴ
1492 3633 1774 3688 Victorius
1806 3633 1865 3687 in
1891 3652 1994 3687 suo
2021 3635 2306 3705 eiemplari
2335 3636 2575 3690 correxit

1494 3706 1700 3767 moles,
1735 3703 1816 3761 uti
1838 3714 1917 3758 est
1943 3703 2087 3775 apud
2109 3702 2299 3757 Rhen..
2315 3724 2437 3776 sqq.

1565 3804 1703 3860 CAP.
1739 3808 1823 3857 11„
1902 3813 2033 3869 post
2063 3822 2228 3873 quac.
2314 3804 2412 3858 Sic
2450 3806 2574 3860 cod.

1496 3873 1622 3928 MS.
1676 3874 1760 3927 ed.
1795 3872 1926 3928 Ald.
1983 3884 2036 3927 et
2091 3873 2286 3927 deinde
2339 3874 2577 3928 Pichena

1492 3941 1662 4025 ·G.¹‘¹²²·
1690 3962 1810 4024 sqq.
1847 3971 1917 3985 -
1970 3941 2106 3995 Edd.
2124 3942 2375 3998 Beroald.
2400 3943 2572 3998 Rhen.

1497 4013 1642 4085 Llps.
1670 4031 1879 4084 priores
1903 4021 2226 4082 postquam.

1562 4113 1629 4166 L.
1671 4112 2031 4166 Arruntium.
2105 4110 2247 4166 Cod.
2287 4107 2416 4168 MS.
2454 4113 2585 4170 ed&

1493 4181 2027 4237 Beroald.'Rhenan.
2066 4201 2182 4253 sqq.
2235 4181 2299 4237 T.
2343 4186 2578 4236 Arrun-

1494 4253 1641 4305 tium
1681 4251 1897 4305 habent.
1979 4250 2089 4303 Sed
2124 4252 2251 4320 quia
2288 4250 2578 4311 verisimile

1495 4333 1598 4386 est,
1660 4318 1897 4427 eundem
1950 4317 2180 4391 intelligi
2230 4322 2577 4382 Arruntium,
