2794 5085
119 348 143 405 .·
214 364 217 373 2
262 315 412 413 21¹3:
435 313 540 411 ⁷33:
668 348 669 351 ¹

724 422 741 437 .
823 316 1033 394 ΜΒ.
1088 316 1184 405 11.
1286 262 1790 415 “(3Α,1;».·8.9.ἱ

2268 326 2415 400 127

172 480 243 551 in
280 491 487 571 parte
532 500 614 546 ea
631 529 653 561 ‚
674 474 879 564 ,dum
907 475 1256 545 insultant
1280 473 1486 568 aquis
1521 488 1885 570 artemque
1923 478 2147 555 nandi
2172 493 2414 555 osten-
2505 476 2510 485 ’

170 595 320 675 tant
340 635 361 666 ,
445 576 735 661 turbati-¹
762 590 831 647 et
874 577 1166 669 quidam
1218 572 1460 646 hausti
1512 578 1699 650 sunt.
1813 573 2138 673 ”Metanti
2188 596 2412 669 castra
2477 650 2482 657 ,

169 680 455 755 Caesari
481 675 1076 769 Angrivariorum
1109 678 1410 751 defectio
1446 703 1516 771 aN
1533 692 1748 769 tergo
1773 680 2178 752 nuntiatur:
2226 684 2426 759 'mis-2

173 809 285 856 sus
309 784 508 852 illico
538 778 917 852 Stertinius
961 802 1126 848 cum
1166 779 1402 877 equite
1421 774 1428 783 ’
1445 794 1516 853 et
1562 794 1917 853 armatura
1957 784 2100 853 levi
2138 785 2301 876 igne
2341 800 2412 858 et

171 887 505 958 caedibus
530 881 902 975 perfidiam
932 882 1125 950 ultus
1157 895 1282 955 est.

350 976 507 1059 IX.
573 983 879 1055 Flumen
919 980 1241 1072 Visurgis
1274 980 1659 1054 =Romanos
1702 960 2240 1082 Cheruscosque
2294 989 2413 1059 in·-

149 1089 567 1183 2terfluebat.

671 1084 824 1154 eius
870 1084 951 1152 in
987 1084 1146 1175 ripa
1191 1109 1356 1154 cum
1396 1085 1646 1167 ceteris
1691 1086 2131 1177 primoribus
2165 1086 2413 1161 Armi-

166 1192 349 1263 nius·
367 1187 675 1272 adstitit,
696 1202 703 1209 ’
727 1186 1182 1279 quaesitoque
1212 1210 1307 1255 an
1334 1184 1595 1256 Caesar
1619 1188 1984 1258 venisset?
2030 1196 2411 1285 postquam

169 1296 414 1366 adesse
436 1322 441 1329 ·
467 1311 889 1381 responsum
948 1300 1050 1357 est
1068 1341 1090 1373 ‚
1160 1300 1250 1379 ‘ut

238 1563 298 1613 in
324 1568 498 1628 parte
529 1575 619 1611 ca.
689 1555 743 1611 b.
770 1575 820 1612 e.
845 1555 906 1610 in
928 1552 1252 1610 auxiliorum

171 1628 403 1702 agmine.
455 1624 529 1684 cf.
550 1625 765 1680 Sallust.
791 1625 982 1697 lug.-c.
997 1626 1084 1678 60.
1111 1643 1252 1678 nam

168 1702 218 1752 is
259 1702 321 1751 in
360 1715 433 1748 ea
467 1705 637 1763 parte
673 1697 925 1748 curabat.
1010 1692 1163 1746 Caes·
1192 1692 1251 1746 B.

168 1768 241 1820 G.
278 1769 328 1829 1,
358 1765 443 1818 12.
481 1768 560 1816 ad
581 1781 710 1817 eam
727 1772 961 1829 partem
979 1764 1251 1830 pervenit,

150 1854 316 1906 ‘quae
366 1838 621 1887 nondum
650 1831 876 1899 flumen
919 1832 1248 1884 transierat.

168 1905 455 1958 Broterius
531 1901 735 1953 verbaz
819 1901 879 1951 in
932 1909 1103 1968 parte
1164 1917 1249 1961 ea,

165 1991 460 2056 perperam
485 1970 654 2024 refert
675 1968 743 2021 ad
767 1967 1044 2023 aestuaria.
1106 1967 1248 2020 Nam

166 2045 225 2096 id
277 2060 375 2113 per
428 2059 484 2092 se
533 2035 853 2106 intelligitur
900 2038 966 2090 de
1022 2035 1250 2089 transitu

168 2108 570 2164 aestuariorum
600 2122 908 2158 sermonem
936 2124 1072 2157 esse.

236 2184 376 2231 dum
423 2179 717 2230 insultant.
815 2174 886 2227 cf.
920 2171 1248 2226 Ramshorn.

172 2235 278 2302 Gt.
317 2247 515 2313 §.1189.
559 2244 603 2297 1.
633 2246 722 2308 1.„
745 2262 800 2315 p.
827 2242 948 2295 573.

239 2318 601 2369 haustisunt.
674 2312 746 2366 cf.
776 2316 824 2376 1,
845 2312 932 2364 70.
965 2311 1247 2364 hauriun-

167 2396 263 2439 tur
284 2384 621 2451 gurgitibus.
988 2446 991 2452 „
1036 2404 1041 2407 -

237 2454 482 2507 metanti
513 2459 705 2502 castra
743 2448 982 2502 Caesari
1013 2447 1250 2516 Angriv.

167 2524 403 2591 defectio
445 2540 483 2572 a
519 2528 677 2584 tergo
728 2520 1040 2571 nuntiatur.

166 2591 431 2662 'grivarios
478 2585 767 2640 *Wolfius
850 2597 1032 2654 censet
1107 2584 1251 2639 haud

167 2659 348 2711 multo
403 2667 529 2710 ante
590 2655 649 2709 in
712 2656 1022 2708 societatem
1083 2655 1279 2737 Rom.x

134 2787 143 2792 ,
209 2728 465 2780 erductos
507 2744 537 2776 a
567 2723 896 2777 Germanico
937 2743 1129 2775 eorum
1168 2742 1254 2775 se-

164 2748 260 2849 ges
295 2803 647 2866 peragrante,
695 2792 861 2862 idque
898 2791 1151 2844 Tacitum
1189 2810 1252 2843 ex

164 2864 270 2917 hac
302 2861 620 2915 narratione
660 2860 1045 2979 suspicandum
1091 2859 1252 2912 nobis

165 2932 479 3003 reliquisse.
528 2928 747 2982 *Riekle

162 3002 257 3055 hic
310 3002 571 3067 lacunam
649 2996 1082 3067 deprehendunt.
1184 2996 1254 3047 Et

165 3069 418 3142 profecto
470 3068 617 3118 inter
654 3085 743 3125 ea,
799 3084 938 3136 quae
979 3066 1046 3117 de
1083 3073 1252 3117 trans·

163 3139 439 3211 positione
481 3135 719 3187 militum
753 3133 972 3187 Tacitus
1009 3131 1256 3188 narravit

166 3219 221 3261 et
263 3225 403 3277 quae
443 3222 600 3257 nunc
634 3204 699 3255 de
740 3212 1050 3261 castrorumv
1084 3209 1253 3272 meta:

164 3276 317 3331 tione
344 3272 569 3344 incipit,
608 3290 825 3324 necesse
847 3279 928 3322 est
943 3269 1110 3322 fuisse
1133 3268 1254 3339 plu-

165 3345 315 3400 rium
373 3335 590 3394 dierum
651 3340 902 3421 spatium.
1006 3340 1081 3391 At
1130 3337 1255 3409 quis

162 3413 390 3467 tandem
425 3409 758 3472 adfirmabit,
793 3406 899 3460 illis
930 3407 1255 3459 diebus'me·

165 3490 389 3534 moratu
443 3479 670 3548 dignum
720 3476 925 3547 aliquid
960 3473 1256 3529 accidisse?

168 3548 353 3618 Quid,
392 3548 443 3600 si*
469 3554 694 3615 praeter
730 3564 820 3603 ea,
856 3563 991 3614 quae
1018 3543 1075 3595 in
1102 3544 1256 3595 itine-

162 3639 224 3671 re
263 3617 543 3669 inoffenso
580 3612 695 3665 fieri
722 3613 928 3675 solent,
974 3610 1106 3668 nihil
1133 3629 1256 3665 eve-

163 3688 279 3741 nit?
363 3686 518 3738 Num
557 3693 716 3752 putas
755 3680 1003 3734 Tacitum
1044 3697 1256 3732 enarra-‘-

163 3766 350 3809 turum
378 3772 514 3812 esse,
547 3769 683 3820 quae
704 3748 902 3803 milites
927 3750 985 3801 in
1010 3747 1093 3800 via
1120 3766 1253 3812 con·

161 3823 423 3886 fabulati,
458 3819 667 3881 iocati,
697 3815 899 3889 epulati
921 3816 1067 3870 sint?
1118 3815 1256 3867 Ger·

160 3894 413 3947 manicus
457 3904 657 3957 agmen
693 3886 841 3939 duxit
878 3905 978 3966 per
1005 3884 1255 3940 nationes

156 3972 374 4083 Pacatas
429 3966 525 4009 aut
556 3954 650 4009 ,nil
690 3964 883 4007 contra
922 3973 1101 4025 ipsum
1137 3970 1273 4004 mo·-

142 4069 147 4072 -
178 4052 192 4084 ι

197 4041 390 4094 entes3
450 4026 586 4079 hinc
622 4022 827 4075 factum
869 4034 974 4085 est,
1024 4031 1084 4073 ut
1119 4021 1252 4073 iula-

153 4098 388 4155 cessit‘us
454 4093 527 4147 ad
593 4091 870 4161 Visurgim
925 4085 1253 4163 perveniret,

150 4168 246 4222 ubi
313 4167 508 4219 hostes
569 4167 759 4221 erant,
831 4178 969 4229 quos
1017 4158 1251 4229 petebat.

148 4237 232 4291 lbi
272 4246 460 4290 castra
504 4236 740 4281 metatus
788 4238 896 4287 est,
965 4246 1040 4282 sc.
1080 4234 1253 4279 castra

143 4306 344 4362 stativa
384 4311 442 4355 et
485 4299 593 4352 rite
633 4296 959 4367 permunita.
1041 4294 1104 4348 Id
1144 4293 1254 4368 pri·

1294 2258 1299 2263 ·
1334 2241 1571 2295 rotunda
1587 2281 1603 2307 ,

1136 2516 1250 2570 An·
1302 2508 1309 2517 ’

771 2948 796 2980 s
830 2938 1014 2980 tamen
1053 2928 1277 2998 aliique.

1301 1287 1548 1360 liceret
1608 1313 1771 1359 cum
1815 1290 2033 1361 fratre
2072 1295 2408 1389 colloqui,

1335 1558 1500 1636 ntum
1517 1568 1654 1612 tunc
1676 1564 1984 1629 memoratu
2009 1559 2244 1629 »dignum
2274 1554 2413 1618 aeci·

1336 1624 1416 1677 dit
1442 1637 1563 1697 post
1590 1639 1892 1699 superatam
1920 1629 2197 1682 Amisiam.
2270 1630 2409 1686 Nam
2436 1682 2440 1695 ,

1308 1693 1393 1746 :in
1422 1696 1630 1758 itinere,
1669 1696 1763 1749 uhi
1787 1696 1956 1750 nimia
1980 1699 2269 1753 necessitas
2294 1719 2413 1754 non

1333 1775 1636 1833 premeret,
1693 1775 1864 1819 castra
1916 1766 2050 1827 iusta
2105 1768 2413 1835 munitione

1336 1830 1671 1887 circumdata
1708 1852 1826 1885 non
1865 1833 2094 1900 fieban13
2155 1837 2412 1908 caespites

1334 1899 1816 1954 circumdabantur
1857 1913 1909 1953 et
1948 1903 2072 1954 inde
2103 1905 2253 1958 velut
2295 1925 2412 1958 mu·

1335 1987 1430 2020 rus
1464 1968 1803 2032 struebatur,
1840 1970 1974 2024 altus
2005 1972 2174 2024 tribus
2198 1982 2413 2027 tantum

1334 2034 1565 2107 pedibus
1599 2056 1763 2107 super
1798 2047 2017 2092 terram.
2086 2040 2273 2111 Neque
2303 2062 2413 2096 me-

1335 2104 1587 2158 tabantur
1617 2105 1776 2157 huius
1814 2107 2026 2176 generis
2064 2119 2265 2169 castra,
2315 2111 2411 2163 sed

1334 2173 1640 2226 secundum
1675 2172 1928 2228 locorum
1966 2175 2233 2230 rationem
2261 2173 2414 2243 nunc

1679 2261 1850 2308 nunc)
1896 2243 2190 2314 triangula,
2258 2266 2413 2300 nunc

1375 2310 1598 2363 uadrata
1660 2308 1947 2364 faciebant.
2048 2314 2118 2365 cf.
2158 2315 2411 2387 Vegetius

1371 2416 1388 2439 ,
1416 2378 1468 2431 8.
1508 2388 1560 2431 et
1596 2381 1645 2442 1,
1669 2379 1758 2433 24.
1840 2379 2055 2434 Sallust.
2094 2381 2208 2453 lug.
2247 2403 2296 2438 c.
2321 2383 2409 2437 45.

1335 2457 1533 2517 castra
1564 2480 1637 2492 --
1673 2449 1819 2517 iusta
1832 2486 1847 2508 ,
1883 2450 2005 2502 acsi
2027 2452 2209 2505 hostes
2232 2457 2412 2505 ades-

1334 2526 1488 2577 sent,
1546 2519 1698 2569 vallo
1741 2526 1910 2586 atque
1934 2518 2117 2585 fossis
2167 2524 2407 2577 munire.
2430 2565 2444 2576 s

1338 2583 1497 2652 Quae
1538 2586 1582 2638 si
1618 2593 1860 2656 reputas,
1910 2588 2108 2642 verbaz
2166 2594 2421 2644 metanti

1336 2664 1527 2708 castra
1558 2651 1823 2716 Caesari,
1861 2654 2070 2726 egregie
2098 2658 2311 2728 explent
2335 2660 2411 2714 la·

1336 2742 1551 2776 cunam.
1661 2723 1905 2786 Innuunt
1945 2723 2229 2779 Caesarem
2280 2746 2414 2782 con-

1335 2789 1482 2844 fecto
1534 2791 1726 2844 itinere
1778 2810 1846 2844 eo
1898 2794 2239 2863 pervenisse,

1335 2858 1515 2913 hostes
1553 2859 1900 2912 imminerent
1938 2870 1989 2913 et
2027 2872 2199 2915 castra
2236 2875 2415 2918 essent

1337 2930 1607 2981 metanda.
1677 2929 1790 2981 Iam
1833 2929 2284 2999 Angrivariorum
2323 2934 2412 2985 de·

1335 2996 1503 3048 sectio
1549 2997 1881 3048 haud‘dubie
1920 3001 2021 3050 nos
2059 2998 2209 3052 iubet
2243 3001 2414 3072 suspi-

1341 3063 1479 3127 cari,
1536 3084 1654 3116 eam
1694 3074 1927 3145 gentem.
1952 3065 2105 3135 prius
2142 3078 2418 3137 pacatam;

1338 3150 1519 3202 neque
1556 3142 1744 3184 tamen>
1771 3132 2058 3185 verisimile
2088 3146 2195 3198 est,
2228 3136 2283 3188 id
2310 3137 2417 3192 hoc
2500 3143 2505 3148 ’

1338 3201 1564 3322 guidem
1611 3201 1802 3254 itinere
1850 3222 1880 3253 a
1922 3200 2253 3268 Germanico
2300 3224 2418 3259 esse

1365 3278 1564 3323 actum.
1672 3261 1892 3322 Tacitus
1969 3290 2086 3323 non
2162 3273 2417 3326 tacuisset

1338 3349 1565 3411 propter
1599 3338 1828 3390 subitam
1863 3338 2224 3396 defectionem
2266 3341 2414 3395 dein-

1342 3409 1411 3460 de
1434 3416 1693 3460 secutam.
1750 3405 2018 3489 Videntug=
2042 3408 2416 3491 potius'priori

1341 3494 1485 3528 anno
1549 3495 1678 3528 cum
1739 3473 2067 3529 Germanico
2106 3480 2415 3558 ‘pepigissex
2499 3527 2522 3548 ,

1342 3543 1545 3597 Chauci
1583 3543 1804 3618 saltem,
1855 3556 2195 3599 contermina
2218 3547 2306 3598 An
2375 3548 2387 3560 “

1340 3611 1501 3668 variis
1543 3621 1704 3681 gens,
1751 3612 2055 3665 secundum
2091 3616 2198 3666 An.
2240 3617 2287 3678 1,
2359 3616 2415 3670 02

1340 3690 1474 3731 tum.
1514 3680 1571 3732 in
1620 3679 2002 3733 commilitium
2042 3682 2229 3735 adsciti
2270 3695 2417 3738 sunt.

1342 3747 1530 3815 Quare
1555 3758 1608 3799 et
1633 3748 1779 3801 idem
1807 3748 2091 3801 Stertinius
2118 3769 2269 3804 nunc
2290 3754 2412 3804 mit·

1338 3818 1502 3880 titur,
1537 3816 1629 3887 qui
1659 3819 1826 3887 priori
1846 3818 1996 3886 'anno
2025 3818 2167 3873 inter
2201 3820 2414 3874 easdem

1376 3896 1526 3939 entes
1574 3904 1692 3937 rem
1737 3889 1989 3955 gesserat.
2081 3883 2414 3957 Quanquam

1340 3905 1662 4024 defectionis
1686 3954 1912 4005 nomine
1979 3954 2249 4024 uicunque
2279 3955 2428 4020 Ger·-

1338 4041 1632 4075 manorum
1669 4033 1895 4075 conatus
1976 4023 2045 4075 ici
2081 4021 2250 4086 solet,
2299 4042 2413 4094 quo

1337 4088 1645 4143 libertatem
1696 4109 1851 4144 suam
1901 4100 2095 4145 contra
2131 4091 2413 4152 Romanos

1338 4167 1643 4213 tuerentur.
1693 4159 1786 4213 Sic
1810 4158 1939 4211 inst.
1970 4178 2017 4212 c.
2039 4157 2118 4214 13.
2153 4157 2426 4223 Cherusci,

1337 4226 1503 4310 etiam
1540 4228 1796 4283 dicuntur
1829 4228 2040 4298 perfidi
2060 4238 2119 4283 et
2144 4238 2411 4308 ruptores

1333 4313 1515 4363 passls·
2051 4337 2054 4342 ⁸
2089 4329 2090 4332 ’

2317 2796 2412 2849 ubi
2498 2847 2512 2865 x
