2794 5085
401 317 632 442 ξω.
886 386 890 398 .
1017 416 1030 421 -
1205 311 1834 396 ANNALIUM
2275 307 2531 410 2:32³&

389 480 620 579 ⁴ceteri
649 448 980 548 cederent
1007 473 1209 546 Italia
1227 530 1249 562 ,
1297 475 1440 544 nisi
1467 451 1729 545 certam
1759 489 1923 545 ante
1948 469 2511 566 diem-profanos
2533 474 2626 543 ri·

410 599 523 655 tus
559 583 931 654 exuissent.

610 742 1015 817 LXXXVI.
1063 742 1235 812 Post
1261 767 1441 836 quae
1468 742 1741 836 rettulit
1768 738 2025 811 Caesar
2050 741 2474 834 capiendam
2493 738 2630 809 vir-

409 850 647 942 ginem
695 847 776 917 in
821 848 1059 940 locum
1100 840 1395 930 Occiae,
1462 869 1641 938 quae
1690 855 2073 935 septem-et
2122 842 2628 938 quinquaginta

406 976 535 1043 per
576 974 803 1019 annos
844 972 1117 1018 summa
1158 947 1624 1018 sanctimonia
1658 944 2067 1020 Vestalibus·
2104 947 2351 1015 sacris
2366 949 2631 1036 praese-

406 1056 640 1130 derat:
705 1051 982 1143 egitque
1022 1062 1249 1139 grates
1281 1047 1581 1119 Fonteio
1615 1044 2081 1141 Agrippaeet
2109 1046 2442 1118 Domitio
2474 1044 2631 1115 Pol-

406 1154 625 1240 lioni,
686 1155 883 1249 quod
924 1151 1290 1223 offerendo
1333 1145 1512 1220 filias
1561 1152 1648 1220 de
1692 1151 1922 1220 officio
1965 1150 2046 1219 in
2085 1175 2243 1220 rem
2283 1149 2631 1243 publicam

406 1270 774 1332 certarent.
833 1255 1145 1345 praelata
1184 1266 1287 1323 est
1307 1251 1661 1323 Pollionis
1699 1251 1846 1322 filia
1882 1277 2031 1324 non
2070 1255 2165 1323 ob
2194 1253 2402 1323 aliud
2432 1275 2631 1346 quam

404 1358 600 1452 quod
661 1355 890 1427 mater
955 1356 1112 1425 eius
1167 1354 1248 1424 in
1307 1356 1561 1424 eodem*
1621 1355 1950 1445 coniugio
2014 1357 2386 1436 manebat.
2479 1376 2634 1422 nam

405 1456 723 1554 Agrippa
753 1458 1053 1534 discidio
1083 1459 1377 1527 domum
1407 1457 1883 1530 imminuerat.
1982 1454 2082 1529 Et
2102 1455 2370 1528 Caesar
2395 1479 2631 1551 quam-

403 1563 513 1633 vis
546 1553 1025 1655 posthabitam
1061 1559 1290 1629 decies
1320 1560 1626 1631 sestertii
1652 1561 1817 1631 dote
1849 1559 2114 1631 solatus
2147 1576 2278 1635 est.

608 1721 1051 1798 LXXXVII.
1103 1715 1486 1794 Saevitiam
1511 1747 1839 1794 annonae
1869 1723 2241 1795 incusante
2265 1725 2478 1817 plebe
2500 1735 2629 1793 sta-

404 1829 542 1900 tuit
581 1830 941 1899 frumento
982 1826 1328 1919 pretium,
1389 1828 1583 1920 quod
1629 1841 1905 1919 emptor
1947 1830 2329 1920 penderet,
2394 1828 2627 1897 binos-

405 1956 543 2025 que
600 1953 931 2000 nummos
992 1952 1064 1998 se
1117 1922 1528 1997 additurum
1583 1930 2139 2019 negotiatoribus
2192 1931 2276 2000 in
2329 1929 2628 2019 singulos

401 2034 702 2106 modios.
804 2030 1052 2125 Neque
1107 2045 1344 2100 tamen
1389 2032 1484 2100 ob
1533 2055 1614 2100 ea
1655 2031 1968 2123 parentis
2009 2033 2280 2124 patriae
2328 2034 2624 2102 delatum

405 2150 474 2205 et
521 2149 725 2228 antea
766 2133 1193 2203 vocabulum
1233 2132 1629 2225 adsumpsit
1678 2134 2062 2227 acerbeque
2101 2135 2462 2228 increpuit
2504 2156 2626 2217 eos,

405 2238 533 2330 qui
584 2235 864 2306 divinas
906 2234 1400 2327 occupationes
1451 2236 1828 2329 ipsumque
1876 2225 2252 2308 dominum
2298 2238 2624 2308 dixerant.

319 2393 338 2426 3
403 2340 597 2409 unde
630 2350 925 2426 angusta
956 2351 1024 2406 et
1054 2337 1327 2422 lubrica
1359 2337 1588 2407 oratio
1622 2339 1753 2407 s'ub
1784 2336 2140 2431 principe,
2193 2339 2325 2436 qui
2348 2329 2625 2412 liberta-0

407 2454 554 2509 tem
583 2440 994 2524 metuebat,
1021 2438 1506 2541 adulationem
1539 2440 1808 2514 oderat.

610 2602 1092 2677 LXXXVIII.
1144 2602 1460 2697 Reperio
1496 2606 1686 2698 apud
1724 2607 2097 2699 scriptores
2139 2596 2619 2700 senatoresque

405 2707 796 2799 eorundem
851 2719 1256 2799 temporum
1315 2702 1825 2798 Adgandestrii
1880 2710 2224 2809 principis
2276 2709 2621 2782 Cattorum

375 2900 378 2903 Δ
405 2810 618 2879 lectas
645 2808 724 2876 in
755 2815 1002 2877 senatu
1029 2809 1332 2899 litteras,
1383 2811 1644 2904 quibus
1668 2825 1971 2881 mortem
1996 2809 2317 2882 Arminii
2344 2812 2621 2907 promit-

403 2911 598 2984 tebat
615 2965 635 2996 ,
665 2910 729 2979 si
752 2911 1141 3025 patrandae
1166 2905 1324 2981 neci
1354 2935 1714 3003 venenum
1737 2912 2168 2985 mitteretur:
2218 2922 2617 3010 responsum

407 3187 568 3243 dandi
610 3187 787 3242 studio
813 3187 1212 3244 Freinshemius
1250 3193 1486 3247 coniecit
1636 3176 1820 3247 deei’es
1846 3196 2104 3248 sestertii.
2166 3187 2259 3255 cf.
2285 3217 2332 3251 o.
2357 3197 2439 3258 37.
2461 3195 2619 3264 ibique

327 3304 330 3309 .
406 3261 545 3311 utu‘le
579 3260 856 3310 domnum
892 3271 1114 3329 propter
1149 3260 1253 3315 loc.
1289 3258 1480 3315 Vellei.
1570 3273 1686 3316 not.
1770 3263 2008 3317 Ursinus
2047 3266 2185 3318 male
2229 3268 2491 3322 tentabatt
2528 3267 2615 3316 de·
2682 3266 2689 3275 “

405 3327 457 3389 2,
495 3327 583 3380 46.
631 3328 762 3377 utile
796 3327 1165 3388 imperatoris
1202 3333 1484 3383 damnum
1567 3334 1678 3385 cies
1702 3336 2040 3387 sestertium.

406 3397 568 3448 salvo
603 3396 853 3451 exercitu
860 3394 1074 3462 fuisset
1095 3398 1186 3449 rei
1200 3401 1357 3464 publ.
1639 3400 1872 3457 CAP.87.
1897 3403 2348 3466 negotiatoribus.
2403 3401 2501 3455 Int.
2519 3400 2613 3452 frn-

477 3461 613 3535 Cu.
649 3462 737 3514 86.
791 3464 1129 3528 capiendam
1182 3468 1481 3533 virginem.
1526 3532 1533 3537 ,
1569 3470 1865 3522 mental-iis.
1937 3470 2010 3524 cf.
2069 3470 2220 3526 Suet.
2273 3472 2402 3527 Oet.
2449 3489 2496 3524 c.
2536 3466 2612 3521 42.

409 3529 552 3584 Gen.
579 3532 644 3584 N.
667 3529 736 3584 A.
770 3533 816 3589 1.
847 3533 928 3585 12.
969 3534 1111 3600 Capi
1128 3535 1305 3602 'virgo
1339 3555 1486 3604 pro·
1530 3550 1535 3554 “
1571 3538 1655 3593 ld.
1691 3536 1879 3591 Claud.
1911 3559 1956 3594 c.
1989 3540 2072 3592 18.
2192 3576 2195 3583 -
2264 3576 2267 3577 ν

403 3607 605 3668 pterea
671 3602 922 3661 videtur,
1005 3604 1139 3670 quia
1199 3607 1485 3677 pontificis
1639 3611 1894 3660 delatum
1939 3617 1994 3661 et
2044 3618 2238 3663 antea.
2325 3607 2446 3663 vid.
2488 3626 2543 3661 su
2600 3640 2617 3658 .

408 3686 590 3721 manu
607 3671 892 3735 prehensa
921 3671 993 3722 ab
1022 3677 1086 3722 eo'
1102 3682 1371 3738 parente,
1423 3676 1485 3726 in
1572 3679 1621 3737 1,
1647 3677 1734 3730 ⁷2.
1802 3675 1951 3731 Suel.
1979 3676 2100 3731 Tib.
2130 3698 2179 3732 e.
2206 3680 2278 3732 26
2301 3692 2352 3734 et
2375 3680 2457 3733 67.
2570 3674 2614 3726 5⁰

406 3740 565 3790 euius
607 3745 890 3800 potestate
937 3748 1048 3798 est,
1117 3743 1291 3794 veluti
1339 3746 1486 3796 bello
1540 3738 1658 3807 '57,
1691 3747 1742 3798 8.
1784 3745 1865 3809 58,
1902 3746 1985 3799 12.
2240 3778 2243 3785 ·

327 3846 334 3849 .
409 3816 577 3875 copta
611 3806 927 3859 abducitur.
1009 3807 1145 3861 Mox
1179 3810 1307 3864 edd.
1353 3823 1488 3867 vett.
1639 3817 1867 3869 divinas
1887 3816 2292 3882 occupationes.
2361 3811 2612 3869 SuetTib.

412 3875 647 3928 Comitio
686 3893 785 3944 pro
820 3875 1109 3938 Domitio,
1149 3881 1314 3949 ‘quod
1366 3878 1485 3934 edi-
1575 3902 1623 3937 c.
1652 3885 1741 3938 27.
2404 3926 2411 3941 ι
2454 3880 2467 3891 ’

411 3944 544 4027 dere
573 3944 716 4026 Lips-
754 3962 872 4024 sqq.
1641 3955 1955 4006 dominum.
2027 3952 2179 4008 Suet.
2206 3956 2242 4009 l.
2277 3956 2313 4009 l.
2347 3954 2451 4008 Dio
2473 3951 2544 4012 5⁷,
2564 3946 2609 3999 8·

478 4015 728 4064 desolato.
771 4036 776 4043 ·
799 4011 894 4064 Sic
914 4012 1039 4065 cod.
1054 4012 1178 4067 MS.
1206 4016 1326 4075 edd.
1351 4027 1485 4071 vett.
1642 4020 1778 4075 CAP.
1791 4023 1877 4075 88.
1909 4026 2211 4090 scriptores
2232 4034 2610 4086 senatores-qw-

355 4080 364 4097 '
409 4080 625 4134 Deinde
650 4098 747 4161 per
772 4079 915 4150 Lips.
952 4082 1037 4143 ed.
1070 4083 1219 4136 1574.
1248 4085 1487 4154 inrepse·
1571 4089 1683 4143 Pro
1731 4101 2126 4161 senatoresque
2165 4092 2370 4165 Lipsius
2409 4088 2611 4144 maleb⁸²

411 4161 496 4203 rat
520 4149 779 4211 dissadio,
823 4150 972 4217 quod
1001 4148 1238 4222 Rycltius
1267 4156 1482 4226 expulit.
1571 4162 1951 4227 sem‘oresque.
2014 4161 2295 4232 vulgatam
2319 4161 2608 4240 scripturam

319 4250 341 4309 ὁ
409 4217 498 4271 De
524 4216 856 4271 eodemaevitii
884 4237 1076 4289 genere
1107 4212 1316 4283 dicetur
1354 4224 1484 4279 infr.
1572 4227 1871 4289 'defendunt
1947 4228 2218 4284 Gruterus
2242 4272 2256 4295 ,
2347 4222 2608 4282 Amdalins

323 4348 330 4352 ⁶
412 4287 480 4341 ad
502 4285 551 4349 8,
575 4283 663 4339 84.
711 4286 791 4351 12,
813 4287 849 4338 2
873 4299 923 4341 et
948 4289 1035 4341 40.
1080 4290 1158 4354 14,
1188 4294 1213 4344 1
1245 4301 1299 4344 et
1313 4292 1415 4347 fio.
1571 4296 1999 4359 Freinshemius,
2044 4300 2366 4371 quibuscum
2403 4308 2608 4351 con-⁴0¹¹*
