2794 5085
134 2804 160 2831 0

334 235 608 374 231013233:
824 277 1436 389 AqNNALJUM
1500 233 1880 382 mam.
2022 201 2037 234 ’
2305 281 2468 362 213·

407 434 494 486 52.
558 430 775 488 Aediles
816 432 883 487 de
922 433 1046 486 luxu
1082 435 1385 490 coercendo
1428 445 1613 506 agunt.
1702 423 1928 490 Senatus
1968 454 2083 490 rem
2124 436 2349 494 remittit
2385 439 2453 492 ad

231 503 559 574 principem.
646 501 730 555 58.
770 500 868 554 54.-
915 501 1004 556 hic
1039 504 1358 556 medicinam
1395 523 1427 555 a
1467 515 1574 556 tem
1619 524 1712 558 ore
1753 507 2077 577 sperandam
2115 508 2450 577 pronuntiat.

229 571 330 626 55.
357 571 627 626 Paulatim
653 581 844 642 sponte
869 573 1060 626 mutati
1086 590 1286 626 mores.
1359 571 1446 625 56.
1483 523 1786 626 Trissunitia
1810 584 2051 645 ¹potestas
2076 577 2239 645 petita
2262 577 2473 631 Druso-

229 651 282 694 et
307 641 393 693 57.
421 641 701 713 impetrata
735 659 859 693 cum
886 638 1196 694 adulatione
1221 652 1451 711 patrum.
1525 641 1603 692 58.
1655 643 1876 695 Flamen
1919 643 2069 696 dialis
2111 646 2278 698 ambit
2314 664 2453 715 pro-

229 709 485 764 ‘vinciam.
556 709 642 762 59.
687 709 774 761 alii
808 708 1091 770 obsistunt.
1161 709 1374 761 Drusus
1405 710 1649 780 superbia
1676 709 1911 764 notatur.
1979 712 2227 766 60-63,
2264 714 2450 784 Imago

229 779 487 832 libertatis
577 778 740 849 Asyla
770 777 1106 831 Graecarum
1130 778 1407 834 civitatum
1440 787 1651 831 senatus
1680 780 1941 833 examinat
1966 792 2022 834 et
2049 782 2275 846 modum
2303 802 2451 854 prae·

229 846 435 900 scribit.
508 843 602 914 64..
629 851 900 915 Augustae
928 848 1169 899 morbus.
1240 846 1449 900 Tiberii
1486 847 1541 899 in
1582 858 1808 900 matrem
1851 868 1963 901 non
2001 849 2240 903 sincerus
2275 870 2447 904 amor.

226 916 316 969 65.
358 915 633 987 Tempora
670 915 828 967 foeda
863 913 1169 970 adulatione
1207 915 1422 974 infecta.
1493 916 1578 968 66.
1620 915 1680 968 C.
1703 916 1916 970 Silanus
1942 919 2362 987 repetundarum
2401 930 2454 973 et

229 986 519 1038 maiestatis
618 984 844 1040 stulatus
868 984 951 1036 67.
976 1004 1004 1036 a
1029 982 1213 1040 multis
1239 994 1463 1055 urgetur
1488 995 1537 1036 et
1564 1005 1592 1035 a
1617 985 1860 1055 principe
1884 986 2018 1058 ipso,
2047 998 2097 1040 et
2119 989 2206 1040 68.
2234 988 2451 1041 damna·

227 1065 249 1107 t
289 1074 334 1106 r.
403 1003 716 1106 Dolaffinae
749 1051 1114 1106 adulationem
1143 1054 1231 1106 69.
1256 1054 1507 1123 reprimit
1531 1052 1779 1106 Tiberius
1814 1065 1866 1107 et
1899 1056 2186 1109 sententias
2225 1057 2451 1127 mitigat.
2515 1087 2519 1094 «

226 1074 315 1177 ἦ).
368 1119 612 1183 Cordus,
659 1121 891 1180 Ennius,
941 1119 1133 1191 Capito
1170 1122 1268 1175 rei.
1340 1121 1426 1176 71.
1473 1122 1749 1192 Equestris
1790 1123 2047 1177 Fortuna.
2122 1125 2211 1177 Ius
2247 1125 2450 1179 Flami—

229 1192 402 1245 nium.
474 1191 559 1243 72.
596 1189 820 1246 Basilica
848 1189 1042 1244 Paulli.
1114 1189 1361 1262 Pompeii
1393 1190 1680 1244 theatrum.
1750 1190 1837 1244 73.
1875 1191 2228 1246 Tacfarinatis
2265 1194 2455 1265 petitio

227 1260 531 1331 impudens.
606 1259 674 1311 74
737 1259 955 1312 Blaesus
983 1279 1105 1311 enm
1132 1259 1466 1330 adgreditur.
1521 1259 1748 1312 fratrem
1776 1261 1887 1322 eius
1915 1262 2083 1341 capit,
2120 1282 2222 1316 nec
2249 1262 2454 1315 bellum

228 1329 466 1383 conficit.
534 1328 619 1380 75.
661 1327 1125 1398 Μοτεὶδειιοῐιίηἰ,
1156 1327 1468 1399 Capitonis,
1519 1329 1607 1381 76.
1648 1327 1862 1389 Iuniae,
1898 1348 2051 1383 cuius
2083 1330 2325 1384 solemne
2361 1331 2454 1385 fu-
2558 1331 2565 1336 ’

225 1417 345 1452 uus.
418 1398 566 1452 Haec
589 1397 821 1450 triennio
852 1406 996 1466 gesta
1220 1465 1226 1471 ι

403 1484 466 1520 Μ.
506 1480 823 1518 VALERIO
862 1482 946 1517 ΕΤ
982 1481 1053 1518 M:
1081 1479 1411 1518 AURELIO'
1446 1480 1641 1518 COSS.

403 1550 712 1589 ’matulo
751 1551 891 1587 ΙΜΡ.
929 1551 1021 1587 lv·
1054 1551 1136 1587 ΕΤ
1172 1549 1403 1588 nauso
1443 1550 1733 1592 uznonn
1771 1553 1847 1596 11.
1892 1552 1973 1590 co
1996 1553 2081 1593 ss.

297 1645 304 1660 s
371 1621 456 1660 Ἰ6.
490 1619 830 1659 SULPICIO
866 1619 951 1676 &T
987 1619 1044 1656 D·
1084 1618 1403 1657 Barzalo
1445 1618 1627 1658 COSS·

263 1971 268 1977 δ
417 1886 489 1962 Ι,
591 1846 810 1956 Nihil
847 1920 852 1925 ·
886 1888 1284 1957 intermissa
1363 1885 1834 1980 navigatione„
1892 1885 2180 1960 hiberni
2220 1873 2458 1959 ‘maris

223 1985 626 2085 Agrippina
654 1988 1039 2084 Corcyram
1081 1990 1391 2066 insulam
1433 1986 1810 2059 advehitur
1851 1991 2061 2061 litora
2092 1990 2461 2062 Calabriae

224 2108 475 2166 contra
516 2093 743 2165 sitam.
847 2092 995 2161 illic
1039 2115 1300 2184 paucos
1338 2092 1488 2161 dies
1516 2085 2023 2183 'componendo
2068 2094 2483 2162 animoin-

225 2196 476 2280 sumit,
535 2195 851 2264 violenta
890 2194 1087 2264 luctu
1133 2208 1200 2264 et
1239 2194 1472 2263 nescia
1513 2194 1888 2267 tolerandi.
1994 2192 2299 2264 Interim
2331 2197 2460 2265 ad-
2540 2263 2551 2276 ,

111 2317 117 2323 ·
224 2313 446 2369 ventu
483 2297 633 2367 eius
672 2297 917 2366 audito
966 2296 1260 2366 intimus
1289 2296 1587 2389 quisque
1620 2296 2012 2366 amicorum
2041 2312 2110 2367 et
2139 2297 2462 2391 plerique
2510 2289 2517 2306 ⁸

225 2402 605 2484 militareS,
647 2395 747 2470 'ut
786 2399 1220 2493 quique.sub
1267 2393 1695 2467 Germanico
1741 2398 2090 2490 stipendia
2131 2401 2462 2484 fecerant,

225 2504 575 2596 multique
609 2501 821 2571 etiam
849 2500 1074 2592 ignoti
1098 2494 1354 2570 vicinis
1385 2524 1423 2569 e
1445 2500 1889 2593 municipii5‚
1949 2503 2111 2593 pars
2149 2502 2461 2573 officium

230 2607 309 2677 in
338 2605 739 2698 principem
774 2605 950 2690 rati,
999 2604 1239 2695 plures
1264 2602 1430 2672 illos
1459 2603 1710 2688 secuti,
1760 2620 1964 2674 ruere
1994 2606 2085 2673 ad
2116 2605 2458 2696 oppidum

231 2707 699 2778 Brundisium
715 2761 736 2791 ,
789 2707 983 2799 quod
1014 2706 1380 2797 naviganti
1415 2706 1860 2775 celerrimum
1902 2707 2460 2801 fidissimumque

232 2810 537 2902 adpulsu
589 2822 757 2881 erat.
889 2809 1125 2902 Atque
1178 2808 1306 2876 uhi
1344 2808 1661 2899 primum
1704 2797 1969 2877 ex'alto
2009 2809 2161 2887 visa
2204 2811 2460 2894 classis,

232 2913 677 3007 complentur
697 2935 860 2999 non—
875 2913 1093 2980 modo
1122 2912 1369 3002 portus
1401 2925 1469 2980 et
1489 2910 1812 3001 proxima
1837 2911 2086 2994 mariS‚
2117 2912 2238 2980 sed
2263 2937 2461 2981 moe-

241 3016 244 3037 ἶ
331 3012 350 3039 ¹·
371 3016 374 3019 “
395 3032 396 3041 ,
585 3010 594 3025 ³
1634 3030 1637 3035 .

843 3103 1861 3171 COMMENTARIUS.

255 3232 503 3298 ⁴=CAP.'1.
539 3249 602 3292 ut
625 3234 847 3308 quique.
919 3236 1011 3290 Sic
1036 3239 1161 3292 cod.
1176 3237 1302 3293 MS.
1327 3288 1332 3299 ,
1404 3234 1405 3237 “
1456 3240 1853 3297 Brundisium.
1893 3238 1984 3292 Sic
2009 3240 2132 3292 edd.
2149 3239 2274 3295 Ber.
2292 3238 2464 3295 Rhen-

231 3312 351 3368 edd.
391 3308 642 3364 Beroald.
673 3307 927 3360 Rhenan.
966 3326 1085 3376 sqq.
1157 3307 1302 3360 Dein
1389 3307 1533 3379 Lips.
1576 3328 1695 3379 sqq.
1779 3309 2169 3362 Brundusium
2208 3310 2292 3364 ed.
2330 3310 2464 3364 Ald.

298 3371 953 3449 r‘edJBerneggdnrepsit
976 3386 1034 3426 ut
1058 3378 1301 3445 quisque.
1355 3444 1368 3449 -
1387 3376 1460 3432 cf.
1489 3379 1540 3441 2,
1569 3376 1656 3430 80.
2024 3436 2033 3441 ,
2272 3434 2279 3455 ³

213 3392 614 3504 rGronovius
645 3456 695 3498 et
714 3445 991 3497 Ernestius
1017 3464 1136 3515 sqq.
1162 3447 1303 3499 bene
1453 3448 1912 3515 fidtlsst'mumque.
2007 3445 2102 3501 Sic
2161 3446 2283 3519 cod.
2335 3442 2460 3521 MS.

230 3522 514 3583 restituere
538 3524 768 3567 veterem
787 3513 1128 3583 scripturam.
1176 3514 1300 3566 Non
1391 3516 1512 3568 edd.
1558 3515 1809 3568 Beroald.
1862 3515 2125 3573 Rhenan„
2151 3515 2276 3568 Ald.
2314 3515 2460 3587 Lips-

233 3587 377 3643 enim
408 3585 474 3639 de
503 3582 730 3653 singulis
766 3601 946 3634 sermo
987 3593 1096 3642 est,
1146 3594 1205 3636 ut
1244 3584 1301 3641 in
1391 3583 1551 3638 Grut.
1602 3584 2460 3639 Restituere1.Gronov.Ernest.

234 3656 442 3714 verbis:
505 3655 737 3705 intimus
799 3652 1024 3719 quisque
1089 3654 1305 3703 amico·
1391 3672 1512 3724 sqq.
1563 3672 1733 3723 quum
1819 3654 1926 3706 rius
1969 3674 2065 3724 per
2108 3654 2193 3706 ed.
2232 3648 2460 3708 Pichen.

231 3743 363 3778 rum
381 3760 397 3786 ,
439 3722 532 3776 sed
560 3720 624 3772 de
650 3719 832 3772 multis
857 3739 885 3772 a
911 3738 1123 3790 quaque
1155 3732 1304 3792 parte
1389 3722 1699 3792 inrepsisset
1843 3724 2274 3791 elissimumque.
2381 3722 2463 3774 Si-

233 3792 531 3848 ruentibus.
605 3789 737 3841 Infr.
779 3787 857 3850 14,
888 3787 973 3840 81.
1014 3791 1312 3857 praecipui
1390 3790 1534 3843 milis
1569 3791 1791 3845 varietas
1829 3802 1906 3844 est
1934 3793 2068 3863 Agr.
2105 3812 2153 3845 c.
2180 3792 2262 3845 19.
2334 3788 2469 3845 vid.

231 3864 427 3931 quique
464 3860 763 3911 Icenorum
783 3879 801 3921 ;
865 3860 909 3920 1,
944 3857 1028 3910 59.
1076 3867 1139 3909 ut
1176 3859 1304 3926 qui·
1386 3858 1462 3911 ib.
1495 3871 1614 3912 not.
2356 3912 2363 3925 ἱ
2420 3854 2423 3865 '

229 3934 437 3999 busque
471 3931 674 3993 bellum
706 3927 894 3980 invitis
928 3926 1032 3999 'aut
1072 3928 1304 3988 cum‘en-
1451 3930 1732 3996 proxima
1767 3931 1965 3989 maris.
2050 3928 2145 3982 Sic
2181 3928 2303 4001 cod.
2336 3929 2463 3983 MS.

232 4001 375 4052 tibus
404 4005 553 4050 erat.
628 3995 840 4048 Sallust.
869 3997 968 4066 lug
1017 4016 1065 4050 c.
1094 3998 1182 4049 60.
1225 3997 1311 4048 uti
1352 4004 1357 4010 '
1390 3996 1512 4050 edd.
1542 4009 1672 4052 vett.
1702 4017 1804 4052 nec
1835 3998 2089 4051 audiendi
2115 4007 2242 4051 sunt
2267 3998 2463 4052 Mure-

231 4084 486 4138 quaeque
556 4065 873 4130 Iugurthae
953 4083 1045 4117 res
1123 4075 1306 4118 erant.
1390 4077 1507 4128 tus,
1557 4066 1953 4120 Freinshemius
1974 4108 1988 4134 ,
2041 4065 2311 4140 Ryckius,
2367 4068 2462 4140 qui

231 4136 370 4193 lbid.
416 4154 466 4188 c.
510 4133 593 4187 18.
638 4131 882 4185 similiter
924 4133 1155 4187 editores
1205 4134 1304 4186 flu·
1391 4135 1579 4188 volunt
1603 4140 1880 4201 proxima
1905 4137 2089 4188 'nard'
2142 4135 2464 4195 Adfirmant,

229 4215 417 4261 ctuant
449 4205 592 4256 inter
622 4202 825 4268 quique
852 4212 904 4255 et
930 4205 1171 4272 quisque.
1230 4202 1303 4257 cf.
1382 4206 1659 4271 proxima
1688 4206 1871 4257 moris
1898 4226 2029 4286 non·
2048 4223 2204 4276 posse
2238 4205 2463 4275 intelligi

227 4272 558 4353 Ramshorn.
588 4268 694 4323 Gr.
720 4273 773 4337 §.
803 4270 921 4331 156.
953 4291 1006 4343 p.
1034 4272 1136 4327 316
1165 4291 1244 4343 sq.
1391 4273 1497 4327 nisi
1525 4262 1592 4327 de
1622 4274 1870 4346 proximo
1899 4280 2066 4337 mai-1,
2097 4286 2152 4328 ut
2179 4272 2229 4336 3.
2255 4271 2344 4326 73.
2371 4275 2463 4326 in—
