2794 5085
2103 369 2108 375 -
2189 352 2233 396 Α
2267 337 2453 395 uteo.

2189 404 2330 449 xc,
2378 404 2454 453 ισ,

320 366 464 437 116
1063 382 1075 394 ·
1128 352 1786 429 AN'NALIUM·
1847 412 1850 415 -

320 536 459 591 tur.
581 514 652 585 Is
692 514 832 584 fuit
857 510 1198 609 Vonones
1248 514 1454 581 obses
1497 498 1820 601 Augusto
1870 512 2077 581 datus
2132 537 2176 581 a
2224 511 2588 590 Phraate-

275 696 278 700 Α
315 621 502 693 Nam
544 615 922 702 PhraateS‚
999 639 1409 709 quanquam
1449 613 1835 706 depulisset
1893 606 2233 684 exercitus
2300 620 2560 688 duces-

319 747 458 818 que
485 718 889 803 Roman05‚
942 733 1197 788 cuncta
1234 717 1732 787 venerantium
1767 716 1998 791 officia
2029 719 2120 786 ad
2148 711 2564 809 Aug-ustum>

316 818 651 895 verterat‘
681 835 1094 914 partemque
1141 820 1366 910 prolis
1410 812 1801 888 firmandae
1846 819 2198 888 amicitiae
2243 823 2562 908 miserat,

268 972 273 977 -
317 924 512 996 haud
546 923 845 1018 perinde
886 921 1117 991 nostri
1160 935 1390 1006 mem,
1442 945 1659 1014 quam
1701 920 1867 989 fidei
1908 921 2368 1013 popularium
2408 914 2565 994 'dif-
2593 968 2616 979 -

313 1030 504 1102 fisa&
1481 1044 1484 1047 '
2267 1054 2270 1057 ’
2320 1032 2332 1047 “
2391 1040 2406 1053 “

484 1156 653 1247 .ῙΙ.,
694 1157 867 1229 Po'st
907 1152 1125 1237 finem
1161 1148 1488 1235 Phraatis
1541 1169 1609 1225 et
1651 1158 2101 1250 sequentium
2143 1181 2394 1247 reg-um
2462 1161 2562 1229 ob

315 1264 631 1332 internas
684 1261 930 1330 caedes
990 1283 1247 1327 venere
1302 1259 1382 1329 in
1443 1260 1699 1333 urbem
1759 1258 1973 1348 legati
2025 1283 2066 1328 a
2118 1260 2578 1350 primoribus'
2645 1254 2650 1259 ’

316 1360 635 1449 Parthis5
717 1363 844 1456 qui
898 1359 1283 1431 Vononem
1344 1360 1903 1431 vetustissimum
1962 1361 2356 1430 liberorum
2407 1363 2563 1432 eius

318 1460 647 1539 accirent.
750 1462 1240 1560 Magnificum¹
1261 1459 1337 1531 id
1386 1452 1532 1532 sibi¹
1575 1463 1879 1535 credidit
1919 1460 2180 1533 Caesar
2221 1463 2562 1558 auxitque

315 1569 592 1662 opibus,
696 1581 764 1663 et
793 1588 1117 1658 accepere
1148 1564 1441 1633 barbari
1469 1565 1844 1661 laetantes,
1894 1577 1978 1635 ut
1999 1567 2222 1634 ferme
2250 1567 2342 1634 ad
2371 1591 2564 1636 nova

382 1864 543 1914 obses
578 1860 828 1926 Augusto
864 1859 1036 1909 datus
1067 1877 1107 1909 a
1136 1857 1244 1911 Ph.
1317 1856 1386 1910 cf.
1427 1866 1452 1881 '⁸
1475 1854 1812 1913 ὑπετόπασε.
1879 1856 2140 1911 Strabol.
2167 1857 2206 1910 l.
2237 1856 2441 1921 δεδιώς
2466 1859 2569 1921 τὰς

313 1929 509 1984 Strabo
553 1930 634 1987 16,
675 1933 721 1982 1.
759 1927 842 1979 28.
881 1929 1141 1995 τέτταρας
1182 1925 1390 1984 παῖδας

311 2000 573 2071 γνησίους
621 1999 708 2051 {ve
749 2001 950 2065 είρισεν
997 1993 1179 2067 ὅμηρα
1236 1994 1387 2048 abt*

236 2134 243 2139 x
300 2088 364 2124 .κ.
396 2088 445 2122 τ.
472 2070 521 2120 λ.
594 2017 747 2120 Veli?
771 2067 820 2128 2,
845 2067 932 2124 94.
1004 2067 1193 2118 lustin.
1221 2066 1308 2124 42,
1335 2012 1386 2117 ἕ

315 2138 464 2191 Suet.
495 2135 623 2189 Oct..
662 2156 710 2190 c.
738 2137 826 2188 21.

381 2227 421 2258 a
451 2207 724 2259 Phraate.
806 2194 1211 2257 Edd.}313roald.
1242 2202 1388 2255 Rhe-

237 2299 251 2316 ·
312 2295 438 2330 nan.
468 2288 602 2344 'sqq.
649 2293 689 2324 a
721 2272 1019 2326 Plzrahate.
1114 2272 1255 2324 Edd.
1296 2291 1387 2322 re-

312 2355 476 2398 centt.
502 2340 629 2394 inde
658 2342 996 2394 abErnestio
1035 2361 1073 2392 a
1099 2340 1358 2392 Phraate
1372 2361 1391 2402 ‚-

311 2413 449 2464 mira
472 2422 649 2462 tamen
678 2409 1046 2462 inconstantia
1073 2409 1200 2462 infr.
1226 2410 1277 2467 6,
1301 2407 1390 2460 32.
1431 2454 1436 2459 .

269 2494 278 2527 ι
313 2481 498 2534 sinunt
538 2479 888 2531 Phralzaten.

312 2550 472 2602 habet
516 2547 771 2599 Phrate&

281 2618 422 2680 xDio
455 2617 542 2674 49,
579 2616 664 2668 23.

381 2702 706 2753 quanquam
766 2683 1065 2747 depulisset
1115 2683 1393 2735 exercitus

311 2759 595 2821 ducesque.
632 2752 803 2804 Intell.
819 2753 1117 2804 Antonium
1138 2771 1201 2803 cu
1211 2772 1262 2802 m
1282 2752 1391 2802 suis

314 2833 365 2875 et
396 2821 486 2892 Op
529 2822 641 2872 ium
668 2821 986 2873 statianum.
1061 2820 1133 2872 cf.
1164 2819 1274 2872 Dio
1305 2820 1391 2879 49,

310 2892 379 2945 25
403 2901 455 2943 et
513 2889 566 2944 3.
605 2908 652 2942 a.
679 2909 724 2940 a.
754 2889 881 2943 Chr.
912 2887 999 2942 32.
1074 2889 1194 2941 urb.
1225 2888 1390 2962 cond.

378 3036 576 3082 cuncta
600 3027 992 3078 venerantium
1016 3027 1105 3092 off.
1138 3029 1217 3078 ad
1238 3027 1307 3080 A.
1336 3043 1389 3079 υ.

310 3098 421 3150 Dio
458 3097 540 3158 54,
564 3097 613 3149 8.
684 3095 896 3164 Ioseph.
930 3097 1093 3147 Arcb.
1137 3096 1216 3157 18,
1250 3095 1302 3152 2,
1337 3097 1390 3147 4.

282 3166 507 3219 ‘Strabo
543 3165 578 3217 l.
614 3163 659 3217 l.»
734 3162 954 3233 Quippe
998 3163 1148 3235 signa
1186 3163 1387 3216 milita-

312 3236 393 3287 ria
418 3245 471 3286 et
499 3233 745 3305 captivos
765 3232 991 3286 remisit.
1046 3243 1052 3250 “
1164 3243 1165 3246 ’

375 3303 575 3368 prolis.
658 3301 881 3353 Praeter
916 3300 1059 3352 filios
1097 3300 1254 3352 etiam
1289 3319 1388 3352 ne-

978 2477 1136 2530 Mon.
1179 2479 1384 2548 Ancyr-

874 2546 960 2599 De
1025 2547 1252 2604 Phraate
1313 2545 1387 2598 cs.

124 3367 133 3374 ’
313 3382 486 3442 potes.
559 3368 754 3421 Strabo
779 3368 817 3420 l.
840 3367 877 3418 Ι.
905 3379 958 3421 et
982 3368 1171 3422 lustin.
1198 3368 1234 3422 1.
1261 3368 1298 3420 l.
1356 3397 1361 3406 x

371 3440 705 3506 firmandae
761 3436 1069 3490 amicitiae.
1137 3438 1388 3494 ,Amici-

315 3507 461 3558 tiam
491 3524 557 3556 ne
583 3504 766 3574 accipe
791 3504 856 3555 de
886 3504 1050 3556 animi
1079 3524 1256 3564 sensu,
1298 3506 1390 3557 sed

317 3574 383 3628 de
436 3573 598 3625 rebus
649 3572 847 3642 pacatis
884 3583 936 3624 et
981 3573 1200 3626 foedere
1250 3573 1391 3626 inter

310 3641 546 3695 Parthos
583 3641 995 3711 Romanosque,
1038 3653 1098 3694 ut
1140 3642 1389 3714 saepissi-

318 3730 428 3764 me.
504 3709 691 3777 Quare
714 3708 868 3762 nihili
896 3720 1002 3770 est,
1038 3712 1187 3781 quod
1214 3711 1390 3764 inter-

316 3789 496 3854 pretes
533 3797 624 3833 cre
696 3788 755 3831 nt
790 3779 856 3831 de
890 3780 1121 3834 amicitia
1147 3780 1391 3834 obtentui

285 3859 544 3924 ·sumpta.
662 3849 810 3899 mmo
852 3845 1172 3911 amicitiam,
1229 3868 1390 3920 quam

319 3916 453 3980 dixi,
493 3914 912 3981 reveravoluit.
1026 3981 1029 3982 ⁷
1154 3973 1155 3980 χ

386 3988 545 4038 haud
576 3985 814 4068 perinde
849 4018 935 4037 ...-
968 3983 1212 4053 dzffisus.
1278 3983 1391 4042 Dio

319 4052 403 4116 55,
442 4056 523 4106 11.
570 4073 601 4107 ο
642 4053 705 4106 δὲ
745 4052 814 4118 δὴ
857 4052 1116 4122 Φραάτης
1165 4049 1397 4124 ὕστερον

319 4117 664 4191 κατηλλάγη,
728 4122 821 4175 ἐπὶ
868 4126 959 4190 τῷ.
984 4125 1079 4189 τῆς
1110 4122 1397 4194 Ἀρμενίας

320 4189 659 4258 ἀποστῆναι,
706 4181 896 4256 ἐπειδὴ
924 4186 1025 4245 τόν
1052 4210 1109 4246 τε
1136 4191 1310 4246 Γαΐον
1333 4194 1396 4247 ἐν

316 4262 382 4332 τῇ
420 4264 607 4333 Συρίᾳ,
634 4257 888 4329 παρόντα
926 4260 1138 4332 ἔμαθε,
1191 4265 1287 4315 καὶ
1325 4261 1393 4315 τὰ

321 4333 496 4384 οἰκεῖα
556 4324 937 4403 ταραττόμενα
999 4335 1153 4401 μίσει
1219 4327 1402 4384 αὐτοῦ.

1475 1923 1694 1988 στάσεις
1729 1929 1822 1980 καὶ
1850 1926 1980 1986 τοὺς
2005 1928 2430 1998 ἐπιτιθεμένους
2456 1930 2563 1982 αὐ-

1477 2000 1572 2065 τῷ.
1643 1997 1812 2067 Igitur
1853 1996 2144 2050 amicitiam
2176 1997 2564 2051 Romanorum

1441 2078 1444 2083 ⁴
1467 2065 1654 2137 ⁸voluit
1682 2067 1752 2119 ob·
1783 2065 2091 2139 ambiguam
2116 2085 2344 2121 suorum
2372 2067 2563 2131 fidem,

1476 2147 1537 2188 ut
1562 2134 1800 2188 Romani
1835 2135 1934 2188 sibi
1976 2135 2251 2194 faverent,
2302 2132 2411 2189 nec
2439 2156 2561 2189 sus-

1475 2214 1747 2257 tentarent
1782 2202 2151 2264 adversari053
2213 2222 2330 2255 non
2381 2215 2566 2258 autem

1473 2285 1736 2343 tanquam
1771 2272 1909 2324 vires
1940 2271 2268 2325 Parthorum
2296 2272 2566 2327 Romanis

1459 2338 1711 2413 ‘impares
1745 2341 2007 2395 crederet.

1537 2426 1685 2478 ΔΟΜ).
1713 2426 1766 2479 2.
1850 2436 1906 2478 et
1941 2427 2298 2494 sequentium
2336 2444 2562 2494 regum.

1481 2494 1596 2564 Qui
1633 2495 1786 2548 fuere
1815 2494 2215 2549 Phraataces'et
2243 2494 2462 2550 Orodes
2489 2496 2560 2549 11.

1394 2617 1400 2624 ,
1425 2557 1441 2570 ,
1467 2567 1551 2619 cf.
1580 2563 1794 2635 Ioseph.
1825 2563 1992 2644 Arc-h.
2025 2564 2104 2627 18,
2125 2567 2163 2617 2
2189 2585 2271 2636 sq.

1546 2667 1744 2702 venere
1772 2650 1831 2700 in
1855 2651 2057 2701 urbem
2079 2650 2271 2715 legati.
2335 2627 2582 2704 Sueten.

1449 2719 1602 2780 .Tib.
1640 2738 1688 2771 c.
1719 2718 1802 2772 16.

1548 2806 1588 2839 a
1619 2766 1997 2855 primoribas‘.
2049 2785 2197 2847 infr.
2231 2787 2310 2849 15,
2339 2787 2393 2838 2.
2428 2806 2566 2839 con-

1480 2857 1675 2908 cilium
1703 2856 1903 2918 Noster
1941 2867 2131 2920 νοσεῖς
2177 2857 2364 2909 lustin.
2406 2856 2491 2919 42,
2513 2855 2569 2909 4.

1480 2935 1765 2978 senatum.
2173 2933 2180 2940 “
2367 2955 2372 2956 ff
2419 2937 2425 2945 ·

1551 3009 2004 3063 vetustissimum
2062 3009 2379 3061 liberorum
2425 3011 2566 3064 eius.

1476 3079 1673 3138 Strabo
1730 3080 2038 3131 Vononem
2102 3088 2299 3147 quarto
2380 3079 2606 3150 posuit-

1477 3150 1632 3211 loco,
1690 3146 1963 3206 incertum
2009 3166 2078 3210 an
2117 3157 2344 3217 propter
2391 3147 2566 3199 mini-

1478 3236 1623 3269 mam
1656 3226 1899 3270 aetatem.
1970 3215 2027 3267 Si
2054 3216 2234 3285 posuit
2258 3217 2568 3271 secundum

1481 3295 1733 3346 aetatem,
1774 3283 2098 3337 sumendum
2130 3282 2263 3346 erit,
2304 3283 2570 3368 Seraspa-

1479 3354 1705 3415 danem,
1754 3352 1933 3404 Rodas
1977 3373 2091 3413 em,
2140 3352 2435 3405 Phraatem
2473 3373 2567 3407 m-

1476 3422 1638 3475 terim
1654 3420 1873 3490 periisse
1889 3373 2237 3482 etR'ononem
2264 3425 2388 3502 post
2399 3421 2567 3475 finem

1477 3490 1643 3562 patris
1667 3488 1845 3542 solum
1870 3490 2033 3542 fuisse
2057 3498 2405 3559 supersntem
2436 3510 2567 3545 cum

1479 3557 1789 3628 minoribus
1848 3567 2016 3610 aetate
2083 3558 2322 3612 eiusdem
2378 3558 2567 3626 liberis

1478 3627 1855 3698 nepotibusve.
1943 3629 2013 3678 At
2054 3646 2180 3679 cum
2219 3625 2350 3682 infr.
2390 3628 2441 3691 6,
2475 3628 2565 3681 31.

1519 3698 1746 3750 timores
1792 3693 1976 3747 Parthi
2025 3696 2347 3756 Phraatem,
2417 3698 2588 3769 regis*

1527 3764 1723 3818 braatis
1783 3762 1992 3830 filium,
2073 3763 2250 3815 Roma
2315 3777 2567 3837 poscant,

1478 3825 1825 3887 verisimilius
1881 3842 1992 3892 est,
2064 3830 2314 3903 neglecto
2378 3833 2567 3887 aetatis

1479 3901 1797 3956 discrimine
1870 3901 2128 3956 Straboni
2198 3902 2565 3956 constitutum

1478 3970 1768 4031 nominum
1802 3969 2075 4022 ordinem.

1489 4111 1496 4114 ,
1555 4055 1785 4110 Caesar.
1831 4052 2049 4109 'Intelh
2099 4056 2398 4126 Augustus.
2471 4057 2566 4113 Sic

1484 4144 1532 4177 c.
1575 4122 1625 4177 8.
1679 4127 1849 4176 datus
1897 4142 1936 4174 a
1987 4122 2228 4176 Caesare
2275 4128 2565 4181 Armeniis

1480 4192 1537 4246 Τ
1531 4194 1775 4260 1'granes.
1917 4195 1924 4200 ’

1548 4264 1816 4332 auxitque
1867 4262 2071 4325 opibus.
2177 4259 2257 4332 Be
2303 4261 2419 4315 etiit
2462 4262 2555 4317 ‘ri-

1479 4331 1683 4384 berius.
1756 4328 1831 4382 cf.
1855 4329 2005 4386 Suet.
2034 4327 2152 4382 Tib.
2180 4349 2229 4383 c.
2294 4331 2344 4384 9.
2375 4332 2472 4385 fin.
