2794 5085
408 375 505 428 XL
1151 348 1297 421 PR
1318 343 1878 421 AEFATIOL

408 530 569 576 cum
592 496 988 584 MStorum,
1027 494 1219 587 haud
1257 499 1662 567 absurdum
1682 521 1830 567 esse
1864 511 2076 589 putav
2085 497 2108 566 i
2143 500 2273 566 sub
2304 498 2638 566 omnium*

408 610 653 679 oculos
702 629 1007 698 ponere,
1087 628 1264 695 quae
1317 602 1421 670 ibi
1470 624 1894 721 quocunque
1947 601 2110 677 loco
2163 602 2613 692 reperiantur.

412 711 495 781 Id
533 710 737 779 satis*
740 709 884 777 scio
923 707 1204 775 multa‘
1183 730 1259 774 ιιι
1293 701 1428 774 hac
1464 704 1850 794 scripturae
1897 702 2233 772 variantis
2279 702 2616 794 farragine

409 812 712 897 adferri,
777 812 969 911 unde
1010 834 1264 901 parum
1272 807 1551 877 auxilii
1587 806 1837 876 Tacito'
1879 806 2137 879 veniat.
2243 803 2341 878 At
2391 823 2614 878 tamen

406 916 785 987 utilissima
837 926 1041 997 sunt,
1080 926 1183 981 ut
1225 934 1601 1030 cognoscas
1652 911 1882 979 varias
1913 896 2477 1005 multiplicesque
2515 937 2617 981 er—

406 1020 616 1092 randi
671 1019 862 1101 vias,
931 1039 1123 1108 quas
1156 1015 1280 1107 qni
1332 1015 1514 1083 bene
1564 1013 1884 1098 noverit,
1949 1012 2264 1081 feliciore
2306 1038 2615 1085 successu

312 1138 315 1141 '
407 1148 560 1192 rem
622 1120 933 1189 criticam
1003 1117 1414 1187 tractabioe
1452 1116 1825 1185 utilissima
1892 1117 2130 1184 etiam
2171 1139 2255 1184 eo
2318 1120 2617 1204 nomine,

368 1209 614 1342 (quo-’d
632 1221 877 1291 lectori
906 1210 1359 1340 suppeditant
1391 1219 1895 1290 accuratiorem
1928 1232 2247 1295 veterum
2278 1219 2617 1291 librorum

406 1327 771 1409 notitiam,
824 1348 963 1417 qua
994 1324 1393 1393 instructus
1407 1322 1666 1395 rectius
1698 1320 2042 1391 iudicabit
2072 1309 2158 1387 de
2186 1310 2619 1411 singulorum

407 1432 757 1499 librorum
802 1427 940 1495 fide
987 1440 1196 1518 atque
1241 1424 1688 1497 auctoritate.
1786 1422 1972 1494 Nam
2004 1424 2128 1516 qui
2162 1425 2408 1495 multis
2441 1427 2618 1495 vitiis

407 1546 672 1602 scatent
715 1543 783 1598 et
827 1529 1249 1647 conspicuae
1294 1527 1706 1597 oscitantiae
1747 1526 2039 1616 vestigia
2083 1528 2363 1614 ferunt,
2431 1544 2618 1601 caute

407 1634 691 1717 audieS‚
742 1632 871 1701 ubi
903 1656 949 1701 a
975 1631 1222 1700 ceteris
1255 1629 1619 1699 codicibus
1649 1631 2070 1721 discrepant.

609 1817 671 1912 ἓ.
695 1818 815 1890 88.
866 1816 1064 1888 Inter
1094 1819 1285 1912 quod
1317 1816 1557 1886 omnia
1589 1815 1950 1885 scrutandi
1980 1814 2296 1883 studium
2325 1838 2477 1885 non
2503 1841 2621 1917 po-

390 1923 544 1994 vtuit
585 1946 736 1991 non
781 1920 972 2005 fieri,
1036 1935 1117 1989 ut
1150 1920 1501 2011 plurimos
1535 1919 2045 2013 deprenderem
2080 1919 2313 2002 locoS‚
2376 1912 2621 2011 quibus

406 2040 608 2094 vetus
653 2024 997 2117 scriptura
1040 2023 1224 2091 male
1274 2023 1588 2110 neglecta
1622 2046 1658 2089 a
1693 2020 2222 2090 recentioribus
2238 1973 2621 2092 editoribus

367 2128 841 2201 restituenda
887 2139 1064 2195 esset
1111 2138 1321 2219 atque
1367 2123 1713 2215 abigenda
1764 2114 1982 2193 nimis
2021 2118 2264 2192 sedula
2309 2149 2622 2219 quorum

406 2233 572 2300 dam
607 2227 1041 2331 emendatio,
1098 2254 1249 2298 non
1279 2230 1372 2298 ob
1408 2224 1846 2301 chartaceam
1879 2227 1992 2294 vel
2022 2227 2620 2311 membranaceam

406 2333 662 2403 veteris
690 2330 1092 2423 scripturae
1130 2330 1667 2414 auctoritatem,
1723 2330 1849 2401 sed
1892 2328 2008 2397 ob
2031 2329 2390 2405 internam
2423 2355 2622 2425 prae-

214 2498 227 2501 ,
310 2514 313 2517 ,
350 2498 351 2501 ,
406 2435 737 2505 stantiam
773 2434 1302 2528 veritat.emque
1407 2429 1605 2501 Inter
1647 2431 1786 2505 alia
1829 2424 2043 2500 huius
2083 2433 2361 2520 generis
2404 2442 2642 2503 exem-2

405 2539 526 2633 pla
557 2538 720 2606 vide
750 2537 985 2607 locum
1021 2526 1451 2622 An.1‚-65.‚
1500 2522 1626 2605 ιι1)ἰ
1651 2532 1934 2606 restitui
1986 2530 2130 2603 vin
2150 2542 2293 2602 cta
2316 2559 2348 2604 e
2404 2530 2620 2654 legi&

410 2661 536 2710 nes
575 2666 612 2708 e
648 2641 886 2710 codice
917 2637 1154 2711 MSto.
1245 2593 1650 2708 Beroaldus
1679 2639 1887 2705 tacite
1922 2637 2150 2708 edidit
2179 2636 2416 2708 victae
2448 2655 2511 2708 et
2552 2637 2622 2711 in

407 2744 646 2813 codice
674 2740 889 2815 MSto
920 2737 1136 2811 hodie
1167 2740 1534 2810 invenitur
1568 2738 1881 2820 vinctae,
1935 2753 2105 2809 nota
2149 2743 2464 2811 censoria
2512 2741 2623 2809 lit-

403 2851 597 2935 [erae
624 2886 676 2929 n
712 2861 952 2929 addita
987 2884 1025 2926 a
1060 2860 1451 2929 recentiore
1482 2883 1734 2929 manu:
1789 2861 1969 2950 quae
1997 2880 2253 2927 manus
2281 2851 2475 2928 haud
2507 2861 2624 2927 ab·

378 2957 622 3036 surde
667 2961 1034 3032 creditur'
1013 2963 1234 3051 ipsius
1267 2961 1485 3030 fuisse
1517 2960 1875 3030 Beroaldi.
1941 2962 2027 3032 cf.
2064 2985 2290 3050 supra
2311 2961 2374 3054 ξ.
2413 2958 2528 3035 14.
2563 2974 2625 3029 et

409 3070 474 3166 ᾗ.
502 3069 627 3139 22.
735 3061 828 3136 At
858 3064 1091 3138 multo
1118 3064 1350 3156 aptius
1381 3065 1507 3132 illo
1529 3065 1704 3133 loco
1729 3058 2104 3132 Arminius
2134 3063 2308 3134 dicit
2356 3061 2623 3132 vinctas

411 3165 731 3289 legiones
797 3192 1013 3266 quam
1077 3164 1328 3235 victas.
1460 3164 1647 3236 Nam
1715 3163 1994 3234 vinctae
2054 3166 2393 3235 dicuntur
2455 3189 2625 3259 quae

410 3271 634 3366 quasi
655 3285 822 3339 sunt
861 3269 940 3337 in
984 3269 1290 3338 vinculis
1336 3292 1578 3361 neque
1613 3281 1911 3359 possunt
1959 3268 2312 3356 aufugere.
2420 3267 2626 3357 Quod

411 3398 561 3443 non
595 3370 882 3441 additur
913 3368 1155 3467 quasi,
1210 3366 1400 3438 velut
1432 3370 1551 3437 vel
1583 3370 1813 3460 simile
1847 3370 2041 3462 quid,
2083 3384 2163 3439 ut
2193 3372 2391 3456 alibi,
2430 3395 2628 3446 causa

413 3490 516 3544 est
548 3475 625 3540 in
665 3474 945 3542 adfectu
984 3472 1385 3565 loquenti&
1475 3466 1585 3542 V
1552 3479 1737 3540 totae
1766 3486 1936 3541 tunc
1967 3465 2277 3560 legiones
2309 3476 2628 3562 nondum

414 3590 646 3648 erant:
730 3588 1061 3697 poterant
1116 3587 1357 3643 tamen
1417 3572 1650 3642 victae
1713 3576 1802 3645 ab
1861 3553 2193 3643 Arminio
2259 3574 2630 3665 praesumi,
2643 3581 2648 3589 ⁴

414 3695 632 3773 quare
671 3676 1090 3767 scripturam
1118 3673 1357 3745 victae
1388 3677 1692 3745 minime
1719 3677 2031 3766 ineptam
2061 3677 2390 3752 dixerim.
2414 3679 2418 3686 ’
2494 3676 2629 3746 Sed

412 3795 701 3851 maneat
723 3791 999 3848 vetusto
1031 3763 1219 3848 libro
1252 3801 1374 3846 sua
1404 3779 1815 3862 auctoritas,
1869 3787 2047 3870 quae
2080 3774 2195 3846 hic
2239 3780 2394 3846 sine
2420 3778 2627 3864 ‚omni

415 3905 621 3974 causa
651 3881 1073 3953 violabatur.
1177 3878 1361 3951 Aliis
1405 3881 1484 3949 in
1523 3882 1731 3966 locis,
1785 3905 1973 3972 rquos
2015 3880 2094 3947 in
2138 3883 2499 3962 veteribus
2544 3881 2633 3949 li·-

415 3985 565 4053 bris
596 3998 834 4076 aperte
868 3998 1238 4076 corruptos
1272 3983 1414 4051 viri
1445 3983 1636 4053 docti
1667 3983 1966 4052 feliciter
2000 3984 2404 4051 emendasse
2437 3984 2633 4050 vide-

360 4089 717 4172 bantur,
758 4085 1057 4155 minime
1085 4097 1497 4177 aspernatus
1525 4108 1681 4155 sum
1710 4086 1898 4152 dona
1931 4109 1970 4152 a
2003 4084 2384 4153 subtilibus
2417 4085 2633 4153 inter-
2667 4111 2674 4115 ·

388 4192 697 4288 'pretum
750 4189 1055 4282 ingeniis
1101 4190 1364 4259 oblata.
1427 4181 2022 4277 Nonnunquam
2064 4199 2419 4276 receptam
2464 4185 2634 4253 scri-

329 4305 703 4382 *pturam
747 4313 1154 4396 quanquam
1203 4288 1464 4358 dubiae
1517 4290 1684 4360 fidei
1723 4287 1986 4379 reliqui
2040 4286 2408 4373 intactam,
2471 4288 2631 4381 quia
