2794 5085
299 355 565 458 ὶῑῐὲῐῗῗῖῑ

907 359 1122 439 LIB.
1163 358 1223 438 1.
1324 357 1566 449 CAP.
1613 364 1730 449 11.

2263 310 2443 441 Δεἰ

394 519 531 597 XI.
632 516 967 592 Ceterum
1013 518 1374 612 sepultura
1411 518 1616 590 ⁴more
1653 514 1973 611 perfecta'
1996 519 2343 612 templum
2372 532 2442 593 et

187 624 533 694 coelestes
570 623 947 717 religiones
983 622 1485 721 decernuntur.
1588 618 2055 692 Versae‘inde
2087 623 2178 691 ad
2215 621 2441 694 Tibe-

186 727 387 796 rium
436 749 700 816 preceS.

814 738 885 793 et
923 723 1046 793 ille
1091 724 1287 795 varie
1331 723 1753 809 disserebat,
1817 724 1907 793 de
1943 725 2439 813 magnitudine

182 828 510 919 imperii„
562 850 689 895 sua
727 826 1129 896 modestiaz*
1161 826 1386 895 solam
1427 825 1578 894 divi
1601 819 1908 914 Augusti
1932 840 2246 897 mentem
2275 830 2448 899 tan-‘

181 943 296 1000 tae
330 928 549 999 molis
583 951 937 1018 capacem:
991 950 1064 997 se
1110 928 1190 996 in
1233 940 1509 1022 partem
1549 951 1881 996 curarum
1923 929 2015 998 ab
2055 928 2182 996 illo
2225 954 2438 999 voca-

178 1046 346 1104 tum
405 1029 833 1122 experiendo
885 1029 1250 1114 didicisse,
1315 1053 1533 1122 quam
1588 1030 1929 1114 arduum,
1999 1052 2214 1122 quam
2261 1033 2439 1102 sub-

176 1134 455 1205 iectum
486 1133 821 1201 fortunae
862 1132 1157 1220 tegendi
1199 1144 1453 1200 cuncta
1490 1152 1698 1202 onus,
1743 1188 1752 1197 ,
1796 1130 2102 1222 proinde
2140 1132 2220 1200 in
2259 1133 2435 1204 civi-

176 1249 327 1311 tate
358 1248 467 1304 tot
495 1231 920 1302 inlustribus
946 1233 1124 1302 viris
1143 1233 1447 1302 subnixa
1474 1256 1624 1300 non
1657 1233 1748 1300 ad
1777 1256 2006 1301 unum
2037 1234 2280 1304 omnia
2306 1236 2434 1306 de-

177 1339 483 1433 ferrent:
534 1335 779 1425 plnres
810 1334 1091 1407 facilius
1129 1334 1379 1403 munia
1416 1334 1522 1403 rei
1559 1333 1885 1425 publicae
1918 1334 2199 1404 sociatis
2229 1337 2433 1406 labo-

80 1522 85 1529 ,
175 1440 383 1510 ribus
411 1448 884 1512 exsecuturos.
981 1432 1157 1507 Plus
1185 1436 1264 1505 in
1299 1436 1620 1511 oratione
1649 1435 1777 1510 tali
1812 1434 2177 1528 dignitatis
2217 1463 2433 1536 quam

182 1684 243 1720 eo
265 1675 324 1720 et
349 1683 628 1727 excusare
656 1663 901 1718 tentavit
924 1681 1091 1731 saepe
1106 1668 1267 1732 apud

183 1746 449 1789 unacum
498 1755 566 1787 ae
614 1737 890 1803 populum
904 1764 929 1795 ,ι
976 1735 1266 1802 professus

185 1814 425 1857 naturae
479 1805 623 1855 vitia
682 1820 845 1866 esse,¹
887 1810 1003 1855 non
1058 1804 1260 1857 animi.

187 1871 381 1925 Cultus
416 1882 629 1943 spectat
655 1870 719 1923 ad
761 1873 1009 1924 vestitum
1045 1881 1098 1924 et
1135 1871 1257 1923 reli·

184 1958 349 2005 quum
376 1952 652 1994 ornatum.
725 1937 796 1993 cf.
818 1940 965 1993 Suet.
981 1939 1084 1993 lul.
1113 1959 1161 1994 c.
1173 1938 1261 1993 45.

186 2007 376 2060 Etiam
447 2011 601 2061 cultu
664 2011 977 2059 notabilem
1026 2009 1259 2077 serunt.

192 2076 366 2129 Usum
403 2078 559 2129 enim
595 2080 716 2128 lato
755 2080 913 2128 clavo
940 2086 1042 2129 etc.
1114 2075 1260 2128 Ante

194 2145 541 2217 descripserat
566 2144 692 2198 Iulii
718 2142 959 2198 Caesaris
985 2145 1260 2199 habiturn.

198 2211 395 2280 Quare·
424 2232 535 2265 non
586 2213 715 2266 satis
763 2216 910 2264 recte
941 2212 1085 2265 Roth
1127 2232 1180 2283 p.
1206 2212 1263 2266 7.

192 2284 435 2335 habitum
467 2284 787 2349 cultumque
811 2299 1116 2352 synonyma
1143 2299 1258 2333 esse

190 2350 332 2405 dixit.
382 2352 594 2403 ‘lmmo
660 2349 943 2421 utriusque
1000 2348 1259 2405 vocabuli

181 2438 365 2473 sensus
401 2419 649 2472 diversus
692 2428 801 2484 est;
841 2418 1258 2497 coniunguntur

176 2493 359 2544 §utem
415 2487 754 2559 saepissime,
825 2497 885 2540 ut
948 2486 1258 2558 significent

112 2605 119 2616 ,
177 2575 395 2611 omnem
437 2557 688 2626 corporis
729 2576 945 2616 curam,
996 2554 1254 2624 speciem·

172 2644 276 2697 que
316 2637 611 2679 externam.
667 2624 738 2679 cf.
777 2623 908 2682 infr.
943 2626 995 2688 2,
1018 2626 1102 2684 59.
1172 2624 1255 2677 Si-

169 2693 375 2747 militer
410 2696 566 2746 dicta
576 2696 851 2762 factaque
879 2691 1141 2763 coniungi
1168 2712 1254 2745 so-

167 2762 286 2816 lent
336 2761 406 2815 ad
470 2761 843 2814 denotandam
890 2780 1112 2814 omnem
1158 2761 1251 2813 ali·

166 2832 326 2886 cuius
389 2851 449 2884 se
522 2830 735 2882 'erendi
790 2825 1089 2892 rationem,
1144 2847 1251 2882 nec

164 2911 462 2970 propterea
489 2846 631 2951 ‹ficta
658 2899 906 2967 factaque
932 2908 1058 2951 sunt
1088 2916 1249 2969 syno-

162 2988 197 3020 n
239 2988 352 3021 ma.
382 2966 586 3019 cfinot.
604 2968 669 3019 ad
684 2967 950 3027 An.2‚53.
992 2967 1251 3032 Ceterum

210 3035 394 3089 einsio
431 3036 689 3087 suadente
720 3034 999 3088 Ernestius
1036 3044 1088 3085 et
1114 3034 1248 3085 Bro-

158 3106 335 3159 terius
363 3103 616 3156 edidere:
653 3107 722 3155 de
738 3105 942 3155 *habitu
971 3104 1248 3169 vultuque,

102 3193 131 3224 .·
156 3174 239 3232 uti
268 3183 352 3226 est
377 3172 494 3225 An.
522 3172 606 3232 16,
624 3174 709 3226 22.
778 3172 914 3225 Hist.
941 3172 1083 3233 1‚17.
1111 3170 1249 3230 252

156 3253 209 3296 et
235 3241 391 3296 alibi.
450 3241 536 3293 ‘At
570 3241 700 3294 inde
727 3259 843 3296 non
877 3239 1248 3307 consequitur,

156 3310 395 3363 eandem
454 3328 569 3362 esse
606 3309 764 3362 huius
804 3306 914 3366 loci
957 3307 1248 3363 rationem.

153 3379 387 3432 Rectius
448 3377 615 3448 igitur
659 3377 884 3446 Bipont.
943 3384 997 3428 et
1042 3373 1246 3430 Wolf.

157 3455 467 3517 omnesque
544 3447 882 3500 recentiores
954 3445 1243 3498 reddidere

156 3519 446 3582 cultuque.
1080 3537 1083 3540 ·

226 3584 370 3637 ΟΜ».
408 3583 495 3636 11.
576 3586 854 3649 templum
893 3590 949 3636 et
984 3584 1244 3634 coelestes

155 3655 473 3718 religiones.
545 3650 657 3704 Dio
702 3653 784 3715 56,
819 3652 905 3705 46.
985 3649 1143 3702 Falso
1190 3658 1243 3701 et

154 3721 290 3775 haec
304 3719 470 3773 Roth.
501 3716 537 3771 l.
564 3718 598 3770 l.
625 3737 929 3792 synonyma
955 3738 1070 3780 esse
1097 3716 1243 3770 dixit.

152 3790 330 3843 Immo
397 3791 675 3853 templum
730 3806 845 3840 esse
900 3796 1081 3860 pote-st.
1123 3786 1242 3858 sine

155 3858 489 3913 coelestibus
505 3857 879 3921 religionibus,
905 3855 1052 3925 quod
1072 3874 1240 3907 nemo

152 3927 344 3981 nescit.
430 3924 731 3992 Diversum
776 3923 941 3993 igitur
982 3932 1059 3975 est
1098 3933 1243 3976 tem-

149 3994 305 4067 plum
342 3994 680 4051 decernere.
719 4002 772 4046 et
807 3990 1067 4045 coelestes
1107 3990 1243 4044 reli-

147 4064 361 4134 giones.
437 4061 753 4131 Utrum‘que
779 4061 1027 4129 Augusto
1055 4057 1240 4112 decre·

147 4142 265 4185 tum
291 4127 394 4185 esl.

213 4209 270 4253 et
297 4197 415 4253 ille.
491 4194 696 4249 Wolf.
728 4193 976 4251 volebat:
1011 4199 1091 4249 At
1116 4195 1242 4258 ille,-

147 4268 295 4322 dedit
319 4264 578 4322 Ricklefs
601 4264 662 4316 in
687 4263 958 4319 versione.
1014 4263 1240 4317 Frustra

146 4346 201 4390 et
236 4333 403 4391 male.
488 4333 643 4396 Nam
681 4341 746 4386 at
784 4327 978 4390 fortius
1031 4330 1240 4404 incipit,

1349 1684 1513 1748 quam
1537 1663 1665 1719 huic
1697 1662 1825 1718 loco
1856 1663 2150 1732 convenitg
2182 1674 2241 1720 et
2262 1665 2425 1738 plane

1346 1755 1430 1790 sic
1456 1735 1775 1794 adhibetur,
1810 1744 1870 1786 ut
1896 1734 2116 1787 inchoet
2151 1736 2237 1799 id,
2311 1739 2426 1792 uod

1347 1804 1413 1857 ab
1440 1803 1607 1855 altera
1632 1813 1784 1873 parte
1810 1805 2012 1856 evenit.
2063 1802 2134 1858 ef.
2156 1806 2207 1867 2,
2302 1845 2321 1860 .
2357 1816 2426 1859 et

1346 1880 1628 1924 vocantur·
1647 1881 1843 1937 patres
1868 1872 1947 1933 15,
1963 1872 2049 1925 27.
2086 1872 2171 1924 Et
2196 1877 2423 1927 vem‘en-

1346 1949 1445 1992 tes.
1506 1941 1558 2005 2,
1580 1941 1666 1994 50.
1699 1948 1755 1993 et
1767 1940 2127 2007 Appuleiam.
2173 1942 2327 2007 4‚16.
2357 1952 2426 1996 ee

1327 2007 1621 2081 filiusetc.

1424 2111 1531 2146 sua
1593 2093 1890 2146 modestia.
2005 2093 2283 2146 Modestia
2356 2113 2422 2147 ea

1345 2171 1430 2215 est
1477 2161 1646 2213 animi
1704 2160 1873 2223 ratio,
1935 2178 2042 2230 qua
2099 2162 2220 2232 quis
2280 2161 2420 2215 vires

1302 2241 1438 2285 'aut
1507 2229 1789 2285 facultates
1859 2248 1981 2282 suas
2054 2229 2230 2282 credit
2310 2230 2422 2282 mi·-

1342 2317 1538 2363 nores3
1622 2317 1747 2369 opp.
1808 2300 2171 2364 adrogantia.
2275 2296 2422 2352 Tum

1343 2377 1397 2421 et
1461 2369 1476 2419 i
1518 2385 1574 2419 sa
1636 2364 1987 2419 mediocritas
2056 2367 2250 2418 virium
2318 2366 2419 2418 illo

1340 2455 1480 2493 voca
1524 2435 1617 2489 ulo
1655 2434 1924 2489 innuitur.
1996 2432 2067 2489 cf.
2093 2433 2231 2493 Hist.
2257 2433 2308 2495 3,
2330 2436 2418 2491 70.

1342 2507 1602 2578 Vitellius
1625 2533 1695 2545 —
1717 2507 1940 2571 culpam
1956 2503 2013 2555 in
2031 2504 2269 2556 militem
2285 2522 2419 2557 con-

1322 2576 1551 2644 serens,
1597 2575 1757 2627 cuius
1792 2574 1967 2624 nimio
2004 2574 2204 2632 ardori
2231 2576 2420 2642 impa-

1338 2662 1464 2697 rem
1509 2660 1626 2695 esse
1669 2642 2004 2694 modestiam
2040 2659 2232 2696 suam.

1337 2712 1505 2783 igitur
1546 2710 1906 2763 dubitandum
1950 2719 2030 2761 est
2072 2710 2137 2761 de
2174 2710 2282 2765 hoc
2317 2729 2415 2768 vo·

1336 2779 1520 2835 cabuli
1556 2799 1688 2843 usu,
1733 2797 1839 2830 nec
1873 2776 2301 2848 confugiendum
2347 2779 2418 2833 ad

1294 2859 1648 2905 .contortam
1711 2845 2059 2917 quorundam
2125 2846 2415 2913 rationem,

1826 2931 1937 2981 pro
1979 2919 2083 2967 su'a
2132 2918 2414 2969 modestia
2493 2959 2502 2964 ,

1334 2915 1430 2987 qui
1478 2917 1771 2997 explicant:

1334 3005 1413 3040 sc.
1451 2983 1640 3046 solita,
1688 3002 1850 3054 quam
1885 2981 2140 3035 simulare
2185 2981 2416 3038 solebat.

1333 3053 1447 3107 Dio
1480 3054 1563 3117 57,
1585 3054 1649 3135 2³,
1676 3054 1770 3103 καὶ
1812 3048 1873 3102 τὸ
1911 3050 2019 3119 μὲν
2056 3054 2281 3116 πρῶτον
2316 3056 2414 3104 καὶ

1334 3125 1529 3173 πᾶσαν
1564 3120 1738 3187 αυτὴν
1788 3116 2006 3187 (ἀρχὴν)
2064 3114 2158 3171 διά
2203 3137 2263 3173 τε
2312 3121 2415 3186 τὴν

1333 3186 1552 3254 ἡλικίαν
1581 3189 1659 3255 (ἓξ
1684 3187 1793 3258 γὰρ
1824 3191 1917 3239 καὶ
1945 3182 2286 3253 πεντήκοντα
2318 3190 2412 3258 ἔτη

1332 3256 1603 3329 ἐγεγόνει)
1634 3262 1726 3310 καὶ
1751 3254 1816 3311 δι’
1836 3254 2208 3338 ᾇμβλυωπίαν
2229 3261 2414 3323 (πλεῖ-

1304 3375 1307 3376 .
1332 3346 1470 3382 στον
1493 3327 1600 3399 γὰρ
1625 3329 1724 3379 τοῦ
1752 3342 1985 3388 σκοτους
2006 3328 2245 3394 βλέπων,
2278 3324 2411 3381 ἐλά-

1320 3413 1494 3520 ζὲστα
1522 3400 1614 3464 τῆς
1651 3392 1858 3470 ἡμέρας
1884 3390 2051 3467 ἑώρα)
2084 3396 2409 3458 ἐξίστασθαι

1331 3488 1357 3523 ⁶
1388 3485 1587 3619 ,ZZZ-es
1595 3548 1830 3618 facilius
1850 3557 1956 3600 etc.
2028 3547 2141 3601 Dio
2169 3539 2269 3603 1.'l.

1340 3690 1361 3712 k
1397 3643 1776 3688 exsecuturo&
1834 3630 2407 3688 Edd.Ber0ald.Rhe-

1327 3722 1457 3757 nan.
1476 3702 1601 3756 Ald.
1631 3711 1988 3755 executuros.

1395 3789 1704 3853 dignitatis.
1742 3786 1979 3837 Vertunt
1990 3787 2085 3837 W
2078 3788 2237 3845 ilrde,
2254 3783 2405 3867 quod

1329 3855 1554 3925 longum
1588 3866 1664 3907 est
1706 3874 1734 3906 a
1773 3872 1928 3907 vero.
2002 3853 2170 3905 lmmo
2210 3853 2406 3917 digni-

1326 3936 1420 3978 tas
1443 3924 1743 3983 orationis,
1777 3932 1836 3973 ut
1861 3921 2009 3975 Suet.
2030 3921 2220 3974 Claud.
2250 3921 2403 3975 0:30.

1324 3994 1572 4059 dignitas
1586 3992 1850 4060 formae,
1886 4000 1938 4041 et
1965 3989 2107 4041 Plin.
2136 3989 2401 4061 panegyr.

1326 4082 1374 4115 c.
1402 4062 1452 4124 4,
1474 4062 1523 4113 7.
1547 4061 1800 4126 dignitas
1836 4059 1950 4110 oris
1988 4056 2253 4139 significat
2271 4057 2402 4177 ssul·

1327 4128 1513 4182 cbram
1553 4129 1817 4197 speciem,
1899 4144 1993 4177 uae
2040 4135 2197 4179 mest.
2320 4124 2378 4179 ul

1326 4196 1650 4250 claritudinis
1675 4196 1822 4249 enim
1848 4145 2079 4247 {lterum
2112 4207 2281 4265 genus
2322 4203 2402 4246 est

1327 4264 1557 4335 dignitas
1604 4263 1908 4321 secundum
1945 4256 2131 4318 Cicer.
2180 4263 2247 4317 de
2287 4260 2400 4317 off.
2503 4264 2531 4282 '²

1328 4335 1376 4400 1,
1401 4332 1488 4387 36.

1709 4440 1737 4466 l

2322 2643 2415 2696 Nil
2443 2637 2446 2642 ’
