2794 5085
2099 204 2148 242 Ι

2028 375 2029 382 1
2130 351 2195 395 A.
2213 350 2277 394 υ.
2304 351 2403 401 τη.

2129 406 2192 447 Α.
2209 401 2271 447 c,
2331 397 2404 447 ιθ.

219 463 226 470 l
281 349 443 427 196·
1075 321 1699 427 ANNALmM

276 510 649 607 opperiens
689 506 1199 597 aegritudinem
1214 563 1234 593 ‚
1285 485 1468 602 quae
1510 533 1811 586 rursum«
1844 507 2272 581 Germanico
2325 513 2515 583 acci-

279 620 497 687 derat.
611 634 891 681 saevam
933 611 1085 678 vim
1129 611 1366 680 morbi
1417 613 1718 701 augebat
1755 613 2115 704 persuasio
2159 615 2422 708 veneni
2466 640 2512 686 a
2600 641 2605 646 ·

275 717 536 788 Pisone
562 712 856 804 accepti:
898 724 967 782 et
992 712 1533 804 reperiebantur
1556 714 1707 781 solo
1743 737 1821 782 ac
1846 714 2236 804 parietibus
2266 731 2510 786 erutae

171 849 174 856 ’
236 823 240 830 “
273 816 753 890 humanorum
794 837 1177 904 corporum
1216 809 1598 906 reliquiae,
1640 815 1957 884 carmina
1989 829 2059 886 et
2095 818 2513 888 devotiones

274 936 345 992 et
372 941 635 989 nomen
662 914 1076 990 Germanici
1108 915 1464 1006 plumbeis
1501 917 1762 985 tabulis
1787 917 2258 1009 insculptum,
2321 942 2512 989 sem-

163 1051 166 1054 ·
267 1023 412 1093 usti
452 1020 720 1099 cineres
765 1042 845 1086 ac
890 1018 1056 1086 tabo
1099 1017 1308 1085 obliti
1359 1017 1639 1110 aiiaque
1686 1018 2027 1100 maleficia
2042 1073 2061 1103 ‚
2098 1051 2107 1064 ν
2141 1021 2304 1113 quis
2355 1046 2515 1091 cre-

271 1125 469 1194 ditur
521 1120 796 1189 animas
844 1118 1266 1198 numinibus
1308 1117 1612 1187 infernis
1656 1120 1941 1191 sacrari.
2042 1121 2259 1191 simul
2305 1124 2511 1193 missi

267 1225 312 1297 a
335 1224 598 1294 Pisone
623 1213 1134 1290 incusabantur
1156 1233 1239 1289 ut
1261 1221 1694 1290 valetudinis
1721 1223 2013 1321 adversa
2038 1224 2403 1298 rimantes.
2450 1310 2454 1314 4

467 1354 691 1440 LXX.
792 1343 903 1422 Ea
953 1348 1382 1442 Germanico
1426 1349 1621 1423 haud
1674 1355 1914 1424 minus
1960 1356 2065 1425 ira
2108 1381 2326 1449 quam
2375 1382 2509 1450 per

265 1473 535 1538 metum
577 1469 888 1547 accepta:
968 1453 1050 1525 Si
1092 1455 1316 1525 limen
1356 1457 1838 1543 obsideretur,
1900 1457 1963 1525 si
2024 1457 2513 1529 effundendus

1241 1717 1338 1771 Sic
1420 1721 1560 1771 dam
1595 1720 1889 1771 oculorum
1939 1719 2067 1772 tabe
2107 1727 2302 1773 notus.
2390 1720 2502 1773 An.

1423 1790 1506 1846 11,
1533 1787 1585 1841 6.
1627 1795 1692 1837 ut
1726 1791 2009 1855 quomodo
2038 1788 2126 1840 vis
2160 1791 2503 1842 morborum

1413 1860 1606 1923 pretia
1642 1856 2022 1918 medentibus,
2076 1858 2152 1909 sic
2170 1857 2305 1925 fori
2337 1861 2505 1912 tabes

1375 1938 1380 1942 ’
1412 1926 1712 1992 pecuniam
1732 1927 2022 1977 advocatis
2034 1925 2218 1993 serat.
2288 1926 2502 1980 Contra

331 1725 620 1794 opperiens
683 1718 1122 1784 aegritudinem.

263 1798 394 1866 Agr.
421 1813 472 1848 c.
493 1793 575 1847 18.
608 1789 845 1848 recentis
865 1788 1041 1853 legati
1072 1788 1333 1838 animum

259 1862 522 1931 opperiri.
590 1860 696 1913 An.
734 1857 815 1918 11,
848 1855 931 1909 12.
964 1856 1209 1923 opperin'
1222 1855 1335 1925 su-

259 1945 411 1987 twafl

320 2004 445 2054 solo
479 2016 547 2052 ao
582 1994 932 2063 parietibus„
995 1990 1128 2047 Scil.
1168 1992 1231 2048 ἐν
1268 1993 1333 2066 τῇ

256 2073 434 2138 οἰκίᾳ,
510 2069 572 2122 ἐν
633 2054 669 2139 ᾗ
727 2061 874 2131 ᾤκει.
969 2061 1081 2116 Dio
1121 2055 1326 2122 57,'18.

253 2138 486 2196 Mureti'
530 2131 969 2188 emendationem
1024 2132 1331 2199 parietinis

250 2206 502 2261 refutavit
539 2200 870 2262 Obedinus,
931 2201 1023 2271 qui
1068 2208 1329 2271 provocat

252 2277 318 2331 ad
349 2277 575 2329 Hieron.
601 2272 659 2324 in
685 2268 884 2323 Ezecb.
917 2288 965 2322 c.
987 2270 1076 2321 40.
1110 2277 1161 2321 et
1190 2266 1328 2320 Bol-

148 2346 160 2365 ¹
252 2344 382 2399 detti
408 2361 577 2406 sopra
607 2342 630 2393 i
647 2338 897 2391 nimiter-i
914 2339 1002 2389 de’
1019 2341 1043 2388 i
1060 2336 1144 2388 55.
1172 2353 1326 2388 mar·

251 2415 368 2467 tiri.
396 2413 557 2465 Rom.
590 2409 749 2469 1720,
784 2406 931 2458 unde
958 2404 1217 2460 discimus
1246 2405 1327 2458 in·

177 2481 178 2486 ’
247 2481 331 2535 tra
387 2482 618 2553 parietes
677 2493 835 2546 saepe
881 2473 1161 2545 recondita
1211 2490 1326 2525 esse

249 2549 527 2605 cadavera.
619 2545 727 2607 Hic
763 2552 891 2605 vero
929 2542 987 2595 in
1027 2542 1324 2613 perniciem

248 2615 564 2671 Germanici
597 2610 860 2681 reliquiae
900 2609 1024 2664 illae
1050 2610 1323 2663 humano-

245 2705 381 2740 rum
420 2704 520 2739 cor
560 2702 717 2735 orum
758 2678 1069 2733 reconditae
1110 2680 1167 2731 in
1204 2677 1324 2732 solo

246 2766 298 2809 et
326 2753 513 2826 parieti
556 2771 618 2804 us
643 2749 858 2803 aedium
886 2749 1266 2801 credebantur.

315 2824 574 2875 carmina
616 2827 673 2871 et
711 2818 1053 2870 devotiones.
1125 2814 1187 2869 ἓν
1224 2814 1321 2869 διὰ

245 2894 427 2946 δυοῖν.
501 2890 572 2943 cf.
608 2887 771 2940 Roth.
818 2906 868 2957 p.
898 2886 984 2938 25.
1071 2886 1156 2937 Ad
1194 2904 1319 2939 oar-

197 3000 204 3011 .
245 2965 403 3014 mina
456 2968 508 3011 et
556 2960 882 3010 devotiones
929 2951 1169 3024 intellige
1224 2955 1319 3007 in·-

241 3033 460 3096 sculpta
528 3047 589 3080 ex
656 3023 914 3095 sequenti.
960 3025 1317 3089 insculptum.

241 3099 354 3151 Dio
399 3097 433 3151 l.
481 3097 518 3151 l.
566 3097 660 3149 καὶ
713 3096 948 3178 unago)
991 3093 1317 3178 μολίβδινοι

240 3164 379 3240 ἀράς
416 3184 568 3226 τινας
598 3163 742 3236 μετὰ
776 3183 872 3218 του
908 3161 1185 3228 ὀνομαιος
1212 3162 1317 3216 αὐ-

195 3242 200 3249 “
240 3239 343 3292 τοῦ
370 3238 606 3307 ἔχοντες.
679 3232 749 3288 cf.
776 3252 921 3303 supr.
948 3252 996 3285 c.
1016 3231 1105 3284 30.
1154 3230 1315 3285 Ovid.

240 3309 429 3360 Amor.
455 3303 665 3368 3‚7,29.
713 3301 937 3354 Heroid.
964 3301 1016 3363 6,
1031 3300 1117 3353 91.
1169 3300 1311 3353 Plin.

239 3376 324 3438 28,
347 3375 399 3427 4.
468 3373 662 3425 Senec.
688 3371 753 3424 de
783 3368 960 3423 benef.
993 3371 1048 3428 6,
1075 3368 1158 3422 35.

309 3442 546 3496 semusti
586 3443 792 3491 cineres
843 3456 911 3490 ao
958 3441 1091 3494 tabo
1141 3438 1313 3490 obliti.

139 3545 146 3553 ·
238 3512 352 3566 Pro
388 3511 547 3569 tabe,
590 3506 760 3578 ‘quod
809 3506 1087 3577 hucusque
1127 3506 1312 3559 locum

239 3578 473 3633 obtinuit
519 3577 628 3630 iam
689 3575 897 3645 pridem
939 3575 1149 3646 Lipsius
1192 3593 1310 3627 ma-

238 3645 412 3702 lue'rat
437 3647 590 3707 tabo.
653 3643 893 3715 Ryckius
921 3655 1100 3696 tamen
1128 3652 1178 3695 et
1204 3643 1311 3695 Er-

236 3717 441 3770 nestius
477 3715 667 3767 tabem
700 3712 860 3765 etiam
898 3713 1004 3766 dici
1040 3730 1142 3782 pro
1179 3713 1314 3763 taba

235 3783 578 3841 contendunt
629 3781 959 3851 laudantque
1002 3780 1150 3834 Suet.
1195 3780 1307 3835 Vie'.

234 3875 285 3909 c.
330 3855 415 3906 10.
484 3852 786 3903 Burmann.
830 3849 1171 3918 ad'Quintil.
1211 3850 1308 3902 de-

236 3922 450 3978 clamat.
474 3920 525 3983 6,
551 3919 599 3972 3.
669 3917 852 3970 Heins-
894 3919 959 3970 ad
988 3917 1087 3971 Sil.
1114 3916 1164 3981 8,
1185 3918 1307 3972 842.

234 3993 307 4045 At
359 3987 624 4060 quidquid
668 3985 871 4039 faciant
909 3985 1028 4046 alii.
1084 3984 1306 4041 Tacitus

231 4067 483 4114 accurate
518 4066 811 4129 utrumque
839 4054 1164 4109 vocabulum
1193 4056 1307 4110 dis-

235 4125 449 4180 timuit.
549 4124 728 4176 Tabes
773 4132 855 4175 est
909 4125 1152 4179 morbus.
1234 4125 1305 4177 cs.

233 4171 362 4249 insi3.
394 4193 474 4256 12,
500 4190 583 4244 50.
609 4192 761 4244 Dein
786 4199 968 4244 atrox
998 4194 1182 4244 hiems
1205 4210 1309 4245 seu

226 4281 442 4331 parum
472 4263 683 4324 provisi
716 4272 1065 4319 commeatus
1091 4271 1147 4313 et
1173 4271 1306 4313 orta

232 4353 309 4386 ex
330 4341 562 4397 utroque
582 4331 755 4383 tabes.
829 4328 965 4385 Hist.
988 4331 1039 4392 4,
1061 4330 1145 4383 81.
1184 4333 1301 4397 qui-

1293 3388 1332 3413 m
1399 3366 1608 3417 tionem
1671 3366 1929 3418 nonnulli
1993 3368 2305 3434 dederunt3

1418 1993 1558 2046 Hist.
1579 1992 1628 2053 3,
1652 1991 1736 2050 35.
1767 1995 1946 2058 noxia
1980 1996 2111 2045 tabo
2137 1998 2370 2056 humus,
2401 1994 2500 2047 ubi

1415 2080 1557 2114 unus
1588 2062 1725 2136 Agr.
1768 2062 1897 2115 cod.
1940 2061 2099 2116 babet
2129 2065 2275 2115 tabe.
2348 2062 2517 2119 thid..

1412 2132 1465 2193 2,
1487 2131 1572 2184 70.
1610 2128 1824 2197 infecm
1859 2134 1991 2183 tabo
2016 2135 2220 2184 humus
2247 2131 2301 2185 h.
2328 2151 2377 2185 e.
2406 2131 2499 2185 lo·-

1413 2219 1511 2253 cus
1559 2200 1705 2252 sanie
1745 2208 1799 2250 et
1844 2200 2132 2270 putredine
2173 2200 2499 2256 cadaverum

1411 2267 1666 2321 infectus.
1718 2267 1866 2320 Idem
1893 2269 2279 2321 vocabulorum
2306 2268 2496 2323 discri-

1412 2355 1541 2388 men
1603 2335 1701 2387 Vir
1739 2336 1834 2388 ilio
1893 2338 2247 2392 observatum
2312 2337 2492 2393 video.

1413 2404 1483 2459 cf.
1519 2406 1664 2458 Aen.
1699 2355 1750 2468 ἔ,
1784 2406 1903 2459 442.
1938 2407 2067 2457 tabe
2105 2407 2324 2458 crudeli
2355 2424 2496 2475 quos

1404 2476 1631 2541 peredit
1662 2491 1851 2526 amor.
1925 2473 2132 2528 Contra
2159 2475 2291 2528 ibid.
2317 2475 2370 2536 3,
2399 2476 2494 2531 29.

1411 2552 1633 2595 terram
1657 2545 1788 2595 tabo
1813 2547 2136 2606 maculant,
2184 2555 2237 2596 et
2265 2545 2346 2599 sic
2374 2545 2494 2600 aliis

1410 2610 1567 2664 locis.
1647 2612 1878 2679 Accedit
1911 2612 2095 2665 Ovidii
2141 2612 2493 2686 aliorumque

1410 2698 1555 2733 usus.
1649 2680 1905 2752 Exempla
1945 2690 2154 2745 autem,
2212 2700 2352 2752 quae
2391 2693 2492 2736 ta-

1405 2750 1535 2799 bem
1587 2767 1690 2819 pro
1733 2752 1867 2802 tabo
1915 2747 2051 2805 dare,
2094 2748 2385 2813 dicuntur,
2446 2751 2491 2804 si

1406 2817 1547 2870 bene
1605 2817 1955 2881 consideras,
2028 2817 2166 2875 nihil
2228 2821 2489 2890 probant.

1405 2884 1546 2938 Nam
1582 2891 1723 2968 apud
1753 2888 1979 2939 Sueton.
2010 2886 2043 2939 l.
2072 2887 2110 2939 l.
2142 2893 2491 2942 cadaverum

1405 2957 1566 3005 tabes
1612 2954 1814 3008 indicat
1858 2965 2058 3007 statum
2098 2958 2492 3028 corruptionis,

1404 3041 1515 3093 quo
1561 3035 1714 3076 erant
1764 3025 2053 3087 cadavera5
2116 3044 2232 3078 non
2277 3027 2491 3081 saniem

1402 3092 1534 3144 inde
1562 3092 1913 3145 defluentem.
1974 3092 2175 3145 Nostro
2202 3095 2329 3147 loco
2358 3114 2487 3149 ver-

1402 3161 1719 3219 bum-obliti
1739 3161 2045 3214 necessario
2070 3164 2309 3231 postulat
2334 3167 2487 3218 tabo-

1430 3258 1433 3261 =
1467 3231 1704 3281 semusti
1733 3232 1963 3282 cineres.
2034 3231 2321 3283 Nonhalb
2347 3250 2487 3285 ver-

1395 3298 1646 3349 brannte
1686 3300 1892 3357 Asche,
1942 3318 2103 3369 quam
2153 3298 2483 3372 interpreter-'-

2386 3372 2485 3425 sed

1397 3436 1902 3488 halbverbranntes
1922 3437 2157 3496 Gebeim
2188 3448 2250 3490 ut
2274 3440 2482 3494 rectius

1396 3500 1509 3554 alii.
1581 3502 1826 3573 intellige
1866 3505 2109 3558 membra
2152 3507 2482 3562 cadaverum

1397 3587 1460 3621 ex
1496 3571 1621 3643 igne
1652 3584 1833 3642 rapta,
1864 3583 2149 3644 antequam
2174 3577 2478 3629 combure-

1395 3648 1623 3705 rentum
1654 3639 1782 3693 hinc
1807 3643 1932 3694 tabo
1964 3640 2148 3695 oblita.

1392 3705 1546 3763 iuvat
1570 3708 1730 3761 altius
1754 3722 2073 3778 penetrare.

1463 3792 1760 3857 rimantes.
1821 3791 2184 3865 ἐξετάζοντες,
2226 3795 2477 3867 ἰχνεύον-

2196 3644 2328 3725 ‘Sed
2358 3664 2479 3707 non

1395 3893 1497 3936 τες.
1602 3877 1671 3931 cf.
1725 3877 1923 3932 Psalm.
1964 3880 2063 3940 41,
2097 3881 2149 3934 7.
2224 3877 2477 3934 ἵει-ΕΜ

1393 3962 1691 4039 wewam
1765 3943 1856 4032 ¹³²2
1909 3970 2047 4037 ηπ
2100 3963 2234 4038 ⁸2³1).
2284 3936 2477 4041 {unffi}

1885 4052 2034 4123 ‚aa-Tg
2084 4031 2225 4120 van}
2264 4057 2387 4119 κζ·-
2414 4036 2478 4102 ¹¹7

1462 4128 1602 4183 CAP-
1624 4130 1710 4182 70.
1780 4133 1939 4184 haud
1964 4134 2152 4186 minus
2176 4139 2264 4186 ira
2295 4155 2474 4205 quam

1359 4205 1362 4215 “
1383 4215 1494 4264 per
1516 4207 1743 4250 metum.
1819 4201 1894 4252 lta
1918 4220 2063 4271 supr.
2097 4206 2142 4264 1,
2176 4206 2258 4255 11.
2283 4211 2470 4258 incer-

1389 4275 1512 4318 tum
1540 4276 1701 4319 metu
1716 4283 1796 4317 on
1817 4282 1924 4331 per
1953 4272 2260 4338 inveniam„
2323 4274 2466 4328 lbid.

1389 4352 1440 4388 c.
1471 4335 1556 4388 66.
1596 4345 1730 4388 astu
1766 4338 1951 4404 magis
1986 4356 2160 4406 quom
2193 4358 2302 4408 ρει·
2327 4343 2466 4411 for..

1578 4556 1587 4582 1
