2794 5085
217 338 221 345 ¹
308 344 315 349 ’
361 345 516 422 274
1167 332 1786 412 ANNALIUM
1933 376 1934 379 ¹
2224 334 2544 433 22:⁷33.
2594 424 2599 443 ⁸

348 517 550 573 ctum
591 498 857 570 civium
900 518 1109 566 senex
1151 495 1539 587 imperator
1567 495 1964 588 fessamque
1990 492 2286 567 aetatem
2320 466 2390 570 et
2413 514 2606 570 actos

349 605 632 676 labores
665 600 1194 694 praetenderet:
1247 593 1486 669 Druso
1513 598 1711 691 quod
1737 598 1879 667 nisi
1912 622 1994 667 ex
2024 600 2440 692 adrogantia
2464 596 2618 670 im-

314 708 329 725 ‘
352 700 890 801 pedimentum'?
1360 728 1369 733 “

555 836 728 909 LX.·
758 834 903 908 Sed
932 831 1271 929 Tiberius
1297 833 1450 902 vim
1472 833 1910 925 principatus
1936 834 2077 904 sibi
2107 835 2400 907 firmans
2426 838 2608 907 ima-

348 942 593 1033 ginem
617 938 1057 1032 antiquitatis
1088 936 1364 1005 senatui
1390 937 1773 1026 praebebat
1799 938 2154 1029 postulata
2198 939 2609 1031 provincia-

226 1071 239 1079 ·
350 1058 517 1113 rum
556 1044 648 1112 ad
684 1037 1255 1135 disquisitionem
1296 1044 1585 1130 patrum
1624 1039 2003 1131 mittendo,
2103 1038 2608 1112 Crebrescebat

238 1174 267 1187 ’-
351 1146 547 1233 enim
589 1141 898 1214 Graecas
940 1164 1070 1235 per
1117 1141 1330 1210 urbes
1372 1141 1664 1211 licentia
1705 1152 1918 1235 atque
1972 1142 2362 1234 impunitas
2415 1145 2608 1238 asyla

352 1245 744 1318 statuendi:
828 1243 1370 1336 complebantur
1429 1242 1692 1335 templa
1745 1242 2070 1335 pessimis
2118 1244 2604 1314 servitiorum:

352 1350 603 1420 eodem
634 1344 953 1418 subsidio
991 1343 1310 1438 obaerati
1336 1345 1716 1413 adversum
1746 1346 2130 1416 creditores
2163 1348 2609 1441 suspectique

288 1474 293 1479 ’
349 1449 766 1543 capitalium
824 1447 1210 1519 criminum
1276 1448 1842 1538 receptabantur.
1956 1471 2090 1517 nec
2146 1449 2384 1517 uHum
2444 1451 2616 1520 satis
2665 1436 2684 1451 X

349 1553 671 1623 validum
727 1536 1112 1642 imperium
1165 1561 1314 1618 erat
1374 1548 1781 1617 coercendis
1836 1549 2307 1619 seditionibus
2355 1552 2609 1644 populi

351 1653 618 1745 flagitia
645 1648 1024 1722 hominum
1051 1662 1136 1721 ut
1166 1649 1632 1741 caerimonias
1660 1651 1876 1719 deum
1902 1652 2356 1742 protegentis.
2466 1649 2612 1743 Igi-

350 1770 471 1826 tur
512 1755 897 1848 placitum‚
968 1765 1054 1849 ut
1089 1748 1455 1849 mitterent
1503 1744 1821 1821 civitates
1863 1752 2022 1823 iura
2062 1766 2273 1846 atque
2318 1753 2609 1844 legatos.

348 1854 448 1928 Et
476 1857 863 1951 quaedam,
917 1852 1115 1948 quod
1140 1852 1910 1945 falso‘usurpaverant,
1973 1870 2228 1946 sponte
2269 1857 2624 1953 omiseret.

248 1978 249 1983 ’
347 1960 615 2029 multae
658 1956 953 2028 vetustis
992 1954 1613 2047 superstitionibus
1651 1968 1775 2024 aut
1814 1956 2096 2025 meritis·
2127 1957 2206 2024 in
2258 1960 2608 2049 populum

348 2038 766 2133 Romanum
807 2057 1146 2130 fidebant.
1261 2052 1671 2148 Magnaque
1718 2055 1869 2135 eius
1924 2058 2069 2125 diei
2129 2059 2398 2149 species
2449 2062 2607 2147 fuit,

351 2187 495 2257 quo
533 2174 819 2231 senatus
847 2158 1205 2229 maiorum
1233 2157 1612 2243 beneficia,
1663 2157 2020 2227 sociorum
2064 2174 2306 2251 pacta,
2359 2184 2608 2252 regum

352 2264 600 2351 etiam,
661 2262 788 2357 qui
814 2276 976 2362 ante
1002 2259 1155 2328 vim
1177 2256 1587 2330 Romanam
1612 2259 1986 2329 valuerant
2002 2315 2023 2345 ‚
2090 2262 2370 2331 decreta
2414 2264 2607 2358 ipso..

355 2389 656 2460 rumque
683 2363 1067 2461 numinum
1092 2360 1474 2449 religiones
1503 2361 1923 2453 introspexit
1939 2416 1960 2447 ,
2003 2362 2231 2433 libero
2261 2370 2344 2433 ut
2371 2391 2609 2459 quon·
2679 2418 2686 2423 -

355 2468 521 2539 dam
540 2522 561 2553 ‚
607 2464 783 2560 quid
816 2463 1129 2532 firmaret
1157 2475 1578 2558 mutaretve.
2013 2496 2014 2501 ¹

552 2589 748 2670 LXI.
812 2592 1044 2665 Primi
1105 2595 1432 2664 omnium
1475 2589 1777 2687 Ephesii
1829 2595 2065 2665 adiere
2132 2617 2607 2673 memorantes

352 2723 506 2771 non
523 2755 544 2785 ‚
632 2712 715 2768 ut
774 2697 1030 2786 vulgus
1091 2696 1409 2765 crederet
1426 2750 1447 2780 ‚
1544 2689 1855 2767 Dianam
1916 2712 2126 2792 atque
2186 2696 2607 2792 Apollinem

352 2797 537 2876 Delo
593 2799 898 2890 genitos:
985 2819 1133 2867 esse
1193 2798 1384 2890 apud
1455 2821 1527 2866 se
1588 2794 2023 2890 Cenchrium
2094 2816 2376 2870 amnem
2395 2857 2416 2889 ,
2492 2807 2606 2875 lu·-

357 2928 521 2976 cum
563 2898 983 2998 Ortygiam,
1062 2897 1192 2970 ubi
1227 2896 1584 2971 Latonam
1618 2913 1831 2993 partu
1873 2897 2242 2991 gravidam
2282 2918 2352 2974 et
2388 2907 2604 2991 oleae,

417 3101 565 3188 CAP-
592 3132 679 3185 60.
715 3130 943 3184 licentt'a
968 3135 1143 3198 atque
1187 3129 1442 3196 impuni-
1591 3132 1784 3182 lucum
1818 3086 2020 3200 *Ortyffi
2115 3130 2255 3186 Cod.
2304 3131 2432 3186 MS.
2484 3133 2603 3187 edd.

358 3210 473 3257 las.
520 3200 582 3256 ἓν
611 3199 707 3255 διὰ
736 3200 915 3253 δυοῖν.
968 3198 1040 3251 cf.
1070 3196 1234 3250 Roth.
1260 3217 1317 3267 p.
1352 3200 1439 3251 51.
1526 3191 2178 3253 Beroald.Rhenan.Ald.
2205 3202 2419 3262 locum,
2449 3202 2601 3273 ‘quod
2641 3252 2654 3258 ,
2729 3248 2738 3254 ,

421 3271 781 3340 protegentis.
850 3265 952 3320 Ed.
980 3266 1109 3319 Ber.
1134 3274 1441 3334 protegen·
1526 3266 1803 3320 victorius
1844 3267 1903 3320 in
1942 3285 2041 3321 suo
2083 3269 2307 3340 exempl.
2348 3269 2601 3325 Beroald.

360 3350 477 3400 tes,
526 3337 678 3410 quod
714 3333 993 3390 Victorius
1032 3335 1095 3387 in
1122 3353 1168 3388 s.
1211 3336 1440 3405 exempl.
1526 3354 1674 3390 corr.
1710 3338 1915 3388 lucum.
2000 3333 2093 3389 Sic
2135 3336 2261 3389 inde
2296 3356 2325 3389 a
2365 3338 2603 3392 Pichena

359 3427 506 3463 corr.
526 3404 893 3474 protegentis,
930 3404 1007 3455 uti
1033 3411 1114 3456 est
1140 3402 1283 3475 apud
1301 3402 1442 3458 Rhe·
1527 3422 1737 3456 omnes.
1805 3402 2015 3475 Lipsius
2052 3403 2159 3458 iam
2183 3404 2336 3476 prius
2360 3408 2420 3459 in
2454 3427 2603 3461 mar-

358 3494 490 3531 uan.
532 3493 650 3544 sqq.
719 3470 942 3526 Scilicet
973 3471 1227 3524 Beroald.
1267 3472 1442 3525 inter·-
1564 3470 1651 3524 'ne
1681 3481 1950 3544 posuerat.
2022 3470 2161 3525 Nam
2188 3473 2384 3527 Strabo
2414 3475 2483 3528 de
2513 3494 2600 3528 ea-

357 3543 552 3618 pungit
573 3540 967 3595 seditionibus:
998 3541 1202 3608 populi
1217 3548 1323 3595 etc..
1565 3558 1650 3592 em
1681 3559 1739 3592 re
1773 3542 1868 3600 14,
1939 3576 1955 3593 .
1982 3539 2103 3594 639.
2144 3537 2289 3609 καὶῆ
2313 3540 2600 3616 Ὀρτυγία,

429 3615 558 3665 ita-a
589 3618 755 3677 atque
792 3611 1030 3675 legatos.
1112 3606 1276 3661 Roth.
1322 3608 1360 3661 l.
1400 3607 1439 3661 l.
1527 3608 1832 3681 διαπρεπὲς
1857 3559 2026 3669 &Albos-
2051 3628 2101 3674 κ.
2131 3630 2178 3664 τ.
2205 3614 2256 3664 λ.
2333 3613 2489 3666 Idem
2518 3615 2601 3670 vi-

360 3681 588 3754 explicat
635 3680 766 3730 ium
812 3695 922 3744 per·
970 3680 1203 3745 legatos.
1296 3676 1443 3730 Iura
1523 3677 1662 3736 tium
1703 3678 1763 3729 in
1806 3678 1929 3733 cod.
1959 3678 2100 3732 MS:
2123 3681 2229 3732 iam
2265 3698 2417 3752 supr.
2440 3683 2493 3746 2,
2518 3682 2600 3736 25.

356 3751 414 3806 h.
438 3769 485 3804 e.
509 3745 810 3828 privilegia.
1051 3765 1059 3771 ’
1082 3755 1093 3762 ”
1528 3745 2003 3818 deprehendimus.
2501 3807 2504 3808 7

426 3819 626 3871 libero·
673 3814 768 3869 Sic
783 3816 829 3879 1,
843 3814 894 3867 6.
913 3815 1250 3881 periculoso,
1297 3811 1439 3867 Vide
1595 3816 1693 3866 ubi
1712 3814 2052 3870 Latonam-
2098 3815 2336 3870 Pie-hena
2370 3819 2605 3873 m'alebat

355 3887 434 3941 ibi
464 3895 582 3940 not.
724 3937 731 3946 k
805 3933 814 3939 .
1528 3884 1617 3936 ibi.
1685 3882 1999 3955 Perperam.
2071 3884 2210 3938 Nam
2234 3887 2404 3941 verba
2426 3891 2604 3939 ubi-—

429 3956 570 4011 CAP.
607 3953 693 4007 61.
734 3951 982 4019 Ephesii.
1066 3951 1154 4005 De
1236 3967 1438 4005 uorum
1525 3952 1772 4005 edidisse
1811 3970 1925 4004 non
1970 3953 2196 4016 adsunt,
2242 3963 2302 4005 ut
2337 3956 2604 4026 explicent

341 4025 512 4095 ¹asylo
541 4021 650 4077 vid.
678 4021 892 4075 Strabo.
928 4021 1020 4083 14,
1056 4039 1108 4092 p.
1138 4020 1209 4073 64
1243 4056 1260 4073 .
1526 4020 1808 4075 notionem
1858 4020 2301 4102 praecedentem,
2364 4025 2484 4077 sed.
2510 4025 2606 4076 ubi

426 4109 551 4143 non
590 4128 606 4144 .
633 4126 651 4145 .
674 4127 690 4143 .
715 4127 730 4143 .
770 4090 1010 4156 genitos.
1095 4086 1185 4141 Cf.
1222 4089 1439 4142 nummi
1523 4089 1613 4143 hic
1650 4097 1708 4139 ut
1739 4088 2045 4159 saepissime
2081 4090 2238 4143 aliam
2276 4094 2616 4152 sententiam(

358 4160 555 4231 Ephes.
576 4159 719 4230 apud
735 4157 953 4211 Eckhel.
974 4155 1154 4217 vol.2‚
1172 4176 1222 4229 p.
1237 4158 1340 4210 512
1357 4176 1438 4229 sq.
1523 4156 1696 4227 priori
1720 4156 1989 4209 adnectit.·
2049 4156 2119 4211 cf.
2145 4152 2599 4224 RamshornsGr.

359 4226 778 4284 Brunck.Anal.
797 4227 973 4290 1,194.
1001 4225 1155 4286 216.
1212 4224 1436 4281 Strabo.
1519 4231 1572 4295 §.
1604 4222 1723 4278 195.
1748 4226 1797 4277 1.
1823 4226 1881 4295 b)
1921 4241 1973 4297 Ρ.
2001 4225 2120 4280 616.
2157 4236 2209 4279 et
2244 4228 2487 4300 exempla
2525 4229 2600 4284 ibi

363 4297 458 4360 14,
491 4316 545 4369 p.
574 4294 695 4351 639.
1519 4293 1804 4364 adscripta.
