2794 5085
2256 327 2321 371 A.
2346 324 2417 370 U.
2437 328 2543 372 77⁶.

2256 383 2322 424 A.
2357 378 2418 425 C.
2469 381 2546 424 23.

416 341 566 410 508
1208 330 1840 405 ANNALIUM

415 494 692 585 egitque
716 487 909 558 Nero
939 501 1168 579 grates
1195 513 1273 558 ea
1303 512 1512 558 causa
1535 488 1857 580 patribus
1883 497 2094 580 atque
2121 506 2257 558 avo
2283 490 2503 561 laetas
2535 491 2650 559 in—

414 610 521 665 ter
550 591 993 662 audientium
1022 591 1452 660 adfectiones
1471 645 1492 673 ,
1537 591 1663 682 qui
1691 590 1959 660 recenti
1984 592 2328 659 memoria
2344 590 2650 661 Germa·

412 697 559 766 nici
584 695 791 763 illum
815 692 1069 784 aspici,
1130 692 1341 760 illum
1367 691 1604 760 audiri
1624 691 2001 761 rebantur:
2060 694 2497 785 aderantque
2534 693 2646 763 iu:-

411 797 579 867 veni
603 786 945 864 modestia
972 818 1053 863 ac
1076 793 1304 862 forma
1332 793 1656 884 principe
1683 793 1843 862 viro
1874 794 2122 883 digna,
2155 796 2347 865 notis
2372 795 2457 863 in
2486 820 2643 871 eim

409 898 654 971 Seiani
681 895 868 966 odiis
897 897 991 966 ob
1020 895 1420 986 periculum
1445 894 1776 982 gratiora.

608 1057 808 1133 XVI.
858 1057 1011 1130 Sub
1057 1059 1248 1128 idem
1287 1073 1564 1150 tempus
1608 1061 1696 1127 de
1734 1058 2025 1127 flamine
2052 1053 2249 1128 Diali
2284 1059 2365 1128 in
2404 1059 2637 1130 locum

407 1163 640 1237 Servii
696 1156 1215 1251 Maluginensis
1272 1160 1590 1229 defuncti
1648 1160 1946 1250 legendo
1960 1215 1982 1246 ‚
2060 1161 2274 1230 simul
2326 1164 2636 1251 roganda

318 1346 325 1361 .
406 1290 593 1336 nova
637 1265 787 1357 lege
826 1263 1157 1341 disseruit
1195 1260 1476 1333 Caesar.
1579 1286 1744 1329 nam
1796 1263 2131 1352 patricios
2186 1263 2636 1332 confarreatis

403 1365 816 1459 parentibus
842 1364 1114 1454 genitos
1143 1378 1286 1435 tres
1317 1363 1533 1433 simul
1559 1363 1960 1447 nominari,
2013 1388 2095 1431 ex
2120 1365 2280 1456 quis
2305 1388 2501 1435 unus
2534 1367 2633 1433 le-

402 1482 684 1559 geretur
722 1479 999 1535 vetusto
1029 1489 1259 1534 more:
1313 1489 1544 1557 neque
1575 1465 1812 1533 adesse
1845 1478 1927 1533 ut
1953 1465 2130 1533 olim
2158 1491 2314 1535 eam
2341 1467 2632 1558 copiam,

399 1570 656 1640 omissa
683 1567 1179 1637 confarreandi
1203 1567 1670 1642 adsuetudine
1695 1580 1817 1636 aut
1841 1566 2028 1634 inter
2050 1570 2628 1663 paucosretenta.

380 1672 775 1764 ,pluresque
802 1669 950 1737 eius
978 1668 1083 1737 rei
1112 1691 1353 1736 causas
1378 1669 1768 1739 adferebat:
1810 1667 2251 1758 potissimam
2277 1694 2496 1760 penes
2521 1671 2628 1737 in·-

399 1772 671 1842 curiam
700 1770 1025 1853 virorum
1052 1769 1649 1861 feminarumque:
1702 1771 2028 1839 accedere
2060 1784 2128 1838 et
2160 1771 2381 1861 ipsius
2415 1772 2627 1840 caeri-

391 1859 677 1943 moniae
708 1872 1189 1955 difficultates,
1215 1895 1395 1963 quae
1421 1871 1745 1939 consulto
1774 1870 2169 1948 vitarentur
2187 1927 2206 1955 ‚
2247 1886 2314 1941 et
2341 1875 2624 1965 quando

394 1976 617 2046 exiret
651 1998 690 2043 e
733 1973 888 2043 iure
925 1973 1195 2064 patrio,
1245 1974 1373 2065 qui
1405 1972 1479 2040 id
1499 1966 1907 2041 ¹flaminium
1937 1972 2365 2063 apisceretur
2416 1999 2625 2067 quae-

390 2101 529 2171 que
572 2077 651 2144 in
689 2099 987 2144 manum
1023 2073 1333 2143 flaminis
1373 2073 1808 2145 conveniret.
1913 2073 2012 2141 ita
2052 2076 2487 2145 medendum
2516 2100 2620 2144 se-

387 2191 598 2248 natus
624 2177 904 2245 decreto
931 2190 1054 2245 aut
1080 2177 1297 2265 lege‚-
1329 2175 1512 2244 sicut
1535 2170 1897 2265 Augustus
1937 2177 2284 2267 quaedam
2326 2202 2411 2245 ex
2452 2174 2621 2247 hor-

384 2280 542 2349 rida
581 2279 706 2347 illa
743 2272 1161 2370 antiquitate
1194 2278 1286 2345 ad
1324 2290 1764 2366 praesentem
1804 2299 2014 2345 usum
2055 2277 2382 2350 flexisset.
2481 2275 2620 2368 Igi—
2664 2326 2670 2367 3

383 2396 503 2451 tur
532 2378 1337 2469 tractatis‘religionibus
1366 2378 1710 2468 placitum
1735 2377 2059 2452 instituto
2098 2380 2472 2449 flaminum
2509 2381 2618 2449 ni-

380 2638 599 2698 Nerone
646 2644 819 2708 grates
873 2644 1062 2706 agente
1114 2628 1356 2706 patribus
1407 2645 1460 2688 et
1544 2638 1858 2695 Scheibner.
1910 2626 1980 2693 de
2035 2613 2177 2708 legg.
2227 2643 2397 2698 Ram.
2449 2647 2616 2711 regiis

380 2726 487 2762 avo
519 2705 878 2774 obstemplum
915 2715 1264 2757 exstructum.
1338 2705 1459 2757 Mi·
1544 2726 1600 2779 p.
1626 2710 1680 2763 4.
1739 2708 1954 2762 Prodiit
1981 2708 2191 2765 tihellus
2218 2711 2438 2767 Erford.
2470 2715 2614 2769 1824.

378 2794 523 2827 rum.
597 2772 713 2824 Iam
735 2792 865 2827 vero
896 2779 1150 2823 statuere
1177 2783 1255 2825 est
1280 2773 1458 2825 infini-

380 2844 550 2909 tivus,
592 2841 685 2912 qui
718 2840 913 2910 pendet
941 2860 969 2893 e
990 2842 1359 2907 permissum,
1396 2853 1458 2894 ut

379 2912 448 2964 sit
473 2928 601 2975 pro:
637 2920 700 2961 ut
723 2917 1062 2961 statuerent.
1137 2909 1228 2962 Sic
1254 2909 1457 2962 Noster

378 2981 438 3033 in
453 2976 642 3032 Germ.
675 2977 793 3031 c07.
827 2978 1303 3048 ,Ceterummque
1331 2980 1454 3029 ani-

379 3051 741 3101 madvertere
794 3063 975 3114 neque
1021 3046 1231 3097 vincire
1279 3061 1455 3114 neque

373 3119 677 3170 verberare
697 3116 918 3183 qufflem
943 3114 1060 3167 nisi
1074 3117 1454 3168 sacerdotibus

370 3185 732 3256 permissum.
805 3184 912 3237 An.
956 3182 1004 3245 1,
1041 3181 1128 3236 72.
1170 3200 1351 3252 neque
1393 3186 1453 3235 in

376 3264 517 3307 acta
533 3270 641 3305 sua
665 3253 911 3305 iurari..
931 3288 945 3302 .
972 3251 1250 3318 permisit.
1312 3251 1447 3307 Hist.

373 3322 427 3388 4,
450 3323 540 3375 22.
579 3320 713 3386 rapi
736 3321 1070 3387 permisere.
1152 3318 1262 3372 An.
1288 3320 1338 3384 4,
1363 3321 1451 3373 48.

372 3390 721 3457 permissum
782 3395 1015 3440 vastare
1029 3426 1046 3455 ,
1123 3405 1291 3450 urere,
1347 3400 1449 3442 etc.

375 3457 425 3510 E
461 3457 586 3511 loco
616 3474 666 3509 c.
693 3454 780 3508 55.
807 3455 933 3508 satis
964 3454 1281 3525 intelligitur
1314 3456 1446 3528 illud

374 3524 640 3595 templum
685 3541 806 3576 non
854 3523 1033 3577 statim
1085 3543 1198 3577 esse
1238 3536 1448 3578 exstru-

378 3602 546 3649 ctum.

442 3661 662 3730 egitque
698 3658 850 3711 Nera
894 3667 1089 3723 grates
1139 3677 1209 3713 ea
1255 3678 1446 3718 causa.

373 3729 466 3784 Sc.
510 3727 732 3782 nomine
779 3725 997 3778 urbium
1045 3736 1106 3779 ut
1154 3731 1447 3782 earundem

372 3810 654 3872 patronus.
706 3795 794 3848 Nil
818 3794 980 3865 igitur
1005 3812 1141 3866 opus
1168 3807 1248 3849 est
1276 3808 1447 3850 trans·

414 3867 641 3920 ositione
668 3861 956 3926 Paschalii,
1046 3862 1103 3915 ui
1143 3864 1225 3917 his
1268 3868 1448 3932 verbis

371 3887 557 3990 focum
582 3932 824 4004 adsignat
848 3932 906 3984 in
938 3950 987 3984 c.
1051 3969 1066 3984 .
1111 3943 1233 4005 post
1269 3935 1447 4001 fidem

371 4004 634 4072 dempsit.

441 4072 577 4124 Cn.
627 4069 708 4122 16.
783 4068 968 4122 Servii
1016 4066 1439 4134 Maluginensis.

372 4138 444 4195 cs.
470 4138 520 4199 3,
547 4137 614 4189 58
641 4147 691 4189 et
717 4138 803 4190 71.

439 4204 816 4273 confarreatis
831 4205 1172 4271 parentibus.
1204 4204 1291 4257 'De
1312 4209 1439 4258 con·

370 4273 695 4330 farreatione
735 4273 808 4329 cs.
846 4273 1081 4342 Dionys.
1124 4272 1239 4327 nal.
1271 4275 1320 4330 2.
1347 4274 1433 4329 25.

1607 2826 1779 2875 penes
1828 2810 2126 2861 inem-iam.
2220 2810 2403 2864 Penes
2452 2814 2611 2884 vulgo

1541 2878 1774 2930 refertur
1798 2877 1863 2930 ad
1927 2896 2197 2945 emonam,
2231 2880 2287 2931 in
2313 2881 2469 2933 cuius
2495 2902 2610 2953 pos·

1540 2947 1775 2998 sessione
1824 2965 1890 2997 ve
1959 2955 2216 3015 potestate
2269 2947 2474 3019 aliquid
2516 2962 2608 3004 est.

1540 3013 1613 3067 cf.
1673 3013 1843 3066 Ovid.
1894 3012 2037 3066 Fast.
2103 3016 2147 3078 1,
2199 3016 2315 3067 119.
2391 3017 2608 3073 Terent.

1540 3082 1669 3136 Hec.
1696 3082 1751 3149 4,
1783 3084 1829 3140 1,
1855 3082 1939 3136 20.
1994 3081 2111 3135 Cic.
2143 3085 2196 3137 in
2230 3083 2387 3139 Orat.
2415 3106 2465 3142 c.
2496 3087 2607 3141 142.

1543 3150 1727 3218 Quare
1781 3150 2001 3204 Tacitus
2041 3151 2197 3222 ,Hillo
2263 3154 2610 3225 vituperatur,

1540 3221 1688 3289 quod
1716 3236 1891 3286 penes
1928 3238 2058 3271 usur
2096 3222 2264 3273 averit
2303 3222 2370 3274 de
2410 3243 2516 3288 re„
2546 3226 2608 3279 de

1537 3287 1720 3341 habitu
1770 3287 1980 3339 morali.
2059 3239 2376 3360 ffiesp‘ondet
2409 3292 2607 3346 Buhte=

1534 3354 1805 3419 „Habitus
1848 3355 2065 3407 moralis
2104 3361 2362 3427 supponit
2400 3379 2608 3431 semper

1535 3442 1853 3494 personam,
1890 3424 1976 3474 eui
1998 3423 2299 3489 inhaereat,
2335 3437 2396 3479 ut
2430 3447 2607 3495 penes

1533 3493 1815 3543 incuriam
1863 3494 2115 3544 virorum
2148 3495 2606 3566 feminarumque

1532 3560 1601 3613 sit
1653 3578 1789 3630 prot
1842 3560 2018 3627 penes
2059 3564 2210 3614 viras
2243 3563 2604 3635 feminasque

1531 3630 1857 3707 incuriosa&
1879 3629 1917 3656 ”

1600 3724 1864 3779 accedere
1887 3737 1941 3779 et
1960 3729 2144 3793 ipsius.
2185 3729 2323 3783 Edd.
2342 3732 2466 3786 Ber.
2481 3734 2597 3789 Alc.

1532 3796 1774 3849 Rhenan.
1802 3816 1863 3868 sq
1910 3833 1924 3848 .
1950 3802 2212 3849 accedere
2237 3798 2427 3867 ipsius,
2464 3799 2599 3856 Cod.

1533 3866 1653 3916 MS.
1701 3874 1820 3916 test.
1891 3884 1970 3918 ar.
2015 3862 2269 3922 Gronov.
2314 3874 2602 3924 accederet

1531 3933 1736 3999 ipsiu-§3
1793 3933 1935 3985 unde
1973 3933 2076 3985 Iac.
2113 3933 2429 3989 Gronovius
2467 3939 2600 3998 bene

1531 4002 1766 4055 coniecit
1793 4001 2076 4071 legendum
2110 4022 2222 4055 esse
2249 4009 2516 4059 accedere
2545 4017 2599 4060 et

1528 4070 1719 4135 ipsius.
1792 4069 2004 4121 Etenim
2034 4072 2361 4140 respondent
2390 4074 2492 4125 sibi
2520 4077 2596 4130 i‘n-

1528 4136 1734 4191 vicem:
1771 4146 1825 4189 et
1850 4138 2028 4204 ipsius
2055 4143 2129 4178 ‘-
2167 4150 2222 4190 et
2248 4146 2480 4207 quanda
2502 4176 2565 4192 -
2580 4167 2597 4208 ,-

1525 4211 1819 4278 utrumque
1882 4206 2078 4258 dieitur
2145 4210 2417 4264 accedere.
2527 4213 2595 4266 Et

1524 4277 1760 4342 quanda
1780 4273 1936 4327 aliam
1963 4273 2171 4329 inducit
2195 4295 2430 4334 causam.
