2794 5085
2218 249 2375 356 1:34
2396 258 2513 357 ⁷2⁷3:

361 263 523 336 298-
1080 292 1083 301 -
1171 203 1796 335 ANNAmnM

355 420 797 513 dabaturque
864 417 1302 511 primoribus
1368 408 1747 503 disserere,
1837 431 1909 488 et
1970 414 2050 486 in
2109 421 2655 492 adulationem

354 522 590 613 lapsos
621 518 999 591 cohibebat
1028 523 1208 613 ipse:
1258 516 1784 612 mandabatque
1808 515 2124 592 ‚honores
2153 516 2680 593 nobilitatem‘

354 625 742 707 maiorum‘,
825 624 1323 695 claritudinem
1361 622 1696 707 militiae,
1771 623 2106 692 inlustres
2163 625 2360 695 domi
2415 639 2661 694 artes-

352 725 770 817 spectando‚
834 739 916 795 ut
965 726 1145 797 satist
1187 736 1541 794 constaret
1591 746 1744 793 non
1786 724 1964 793 alios
2007 723 2324 816 potiores
2362 727 2648 798 fuisse.

353 844 483 897 sua
509 822 960 910 consuliBuS‚
1010 851 1133 895 sua
1164 825 1614 918 praetoribus
1642 827 1929 917 species».
2013 828 2383 901 minorum
2405 836 2644 921 ,qud—

354 953 494 1024 que
537 928 1101 1025 magistratuum⁸
1123 927 1423 996 exercita
1459 940 1799 1018 potestas:
1864 928 2226 1022 legesque,
2278 931 2346 997 si·
2375 931 2644 999 maie—

354 1031 553 1101 statis
598 1029 914 1122 quaestio
959 1025 1416 1114 eximeretur,
1467 1029 1661 1097 bono
1701 1029 1979 1101 in-'·usu.
2102 1026 2202 1100 At
2238 1035 2646 1102 frumenta·

357 1146 427 1202 et
465 1133 803 1223 pecuniae
844 1133 1253 1220 vectigales,
1305 1145 1554 1201 cetera·
1576 1130 2033 1223 publicorum
2072 1134 2436 1205 fructuum
2486 1158 2635 1203 so-

355 1234 723 1305 cietatibus
760 1234 1081 1326 equitum
1123 1231 1625 1303 Romanorum
1666 1232 2137 1320 agitabantur.
2248 1230 2402 1306 Res,
2431 1244 2634 1304 'suas

351 1334 611 1406 Caesar
663 1324 1188 1426 spectatissimos.
1214 1332 1506 1429 cuique,
1572 1332 2002 1425 quibusdam
2048 1335 2308 1425 ignotis
2353 1362 2437 1407 ex
2494 1339 2630 1407 fa-

352 1463 472 1508 ma
534 1437 950 1505 mandabat:
1016 1436 1408 1528 'semelque
1477 1435 1838 1528 adsumpti
1905 1439 2333 1508 tenebantur
2386 1464 2626 1529 pror-

351 1563 473 1609 sus
528 1539 683 1608 sine
733 1528 986 1623 mod0‚
1059 1561 1224 1619 cum
1270 1536 1592 1629 plerique
1647 1537 1901 1606 iisdem
1960 1526 2263 1628 negotiis
2309 1541 2625 1609 insene-

348 1654 644 1721 scerent.
702 1630 713 1637 ⁹
767 1632 1022 1708 Plebes
1071 1637 1216 1722 acri
1261 1639 1555 1732 quidem
1606 1662 1894 1708 annona
1946 1641 2404 1730 fatigabaturi
2474 1645 2620 1711 sed

349 1744 553 1811 nulla
590 1742 678 1824 in,
705 1765 787 1810 eo
827 1743 1032 1832 culpa
1072 1766 1157 1810 ex
1199 1740 1556 1832 principe:
1613 1741 1794 1833 quin·
1835 1741 2336 1812 infecunditati
2365 1758 2621 1835 *terra-

349 1858 514 1915 rum
570 1858 692 1914 aut
743 1844 1009 1934 asperis
1060 1845 1278 1912 maris
1324 1842 1608 1910 obviam
1648 1843 1766 1925 iit,
1829 1857 2178 1933 quantum
2211 1845 2614 1936 impendio

350 1946 863 2037 diligentiaque
906 1956 1204 2034 poterat.
1302 1940 1403 2010 Et
1433 1966 1524 2011 ne
1554 1944 1962 2035 provinciae
2006 1945 2212 2013 novis
2254 1948 2614 2017 oneribus

348 2051 813 2119 turbarentur
836 2060 1054 2138 utque
1081 2059 1318 2114 vetera
1346 2042 1499 2112 sine
1527 2045 1824 2113 avaritia
1853 2048 1976 2114 'aut
2001 2048 2418 2116 crudelitate
2441 2075 2610 2119 ma-

353 2151 778 2241 gistratuum
820 2134 1241 2232 t'olerarent,
1303 2146 1750 2238 providebat.
1853 2158 2238 2239 corporum
2278 2151 2611 2238 verbera,

348 2252 841 2343 ademptiones
868 2251 1228 2318 bonorum
1256 2248 1574 2319 aberant.
1915 2251 1922 2259 “

474 2374 481 2377 μ
558 2351 627 2421 V
631 2350 726 2424 11.
806 2348 989 2422 Rari
1032 2372 1162 2441 per
1197 2346 1480 2418 Italiam
1507 2345 1827 2418 Caesaris
1861 2349 2044 2439 agri,
2095 2352 2413 2421 modesta
2447 2376 2603 2423 ser-

316 2450 560 2539 =vitia,
623 2453 812 2521 intra
840 2449 1118 2542 'paucos
1173 2451 1470 2523 libertos
1516 2451 1806 2537 domuS,
1871 2476 1954 2520 ac
1998 2452 2060 2520 si
2105 2455 2390 2546 quando
2435 2480 2603 2524 cum

346 2556 645 2650 privatis
694 2555 1156 2645 disceptaret,
1218 2555 1460 2621 forum
1521 2567 1588 2622 et
1643 2554 1778 2625 ius,
1902 2552 2106 2640 Quae
2150 2571 2401 2625 cuncta
2434 2575 2597 2626 non

350 2660 644 2753 quidem
671 2656 858 2726 comi
884 2654 1033 2740 via,
1083 2655 1206 2725 sed
1246 2649 1583 2725 horridus
1620 2655 2146 2749 aeplerumque
2173 2650 2607 2729 formidatus

1517 2883 1755 2955 cipiunt,
1797 2884 1946 2954 quod
1972 2902 2090 2936 non
2127 2884 2454 2955 attingerent
2478 2906 2588 2942 rem

1515 2952 1815 3037 publicam,
1863 2971 1978 3004 non
2017 2961 2264 3024 potentes
2308 2955 2465 3007 nimis
2500 2964 2586 3007 aut

1517 3020 1811 3075 insolentes
1856 3032 2062 3083 essent,
2109 3032 2171 3074 ut
2245 3034 2411 3074 ostea.
2480 3022 2585 3075 Hos

1517 3090 1758 3160 sequitur
1813 3087 2054 3141 Rfcktefs
2104 3100 2156 3141 et
2263 3090 2586 3160 iesslingius;

1514 3159 1672 3213 illum
1688 3157 2029 3210 Strombeck.
2046 3156 2244 3218 Hacke,
2269 3158 2584 3215 Herrmann.

1516 3226 1659 3280 Saue
1702 3225 1845 3279 inter
1880 3235 2050 3278 raras
2086 3245 2262 3293 agros·
2302 3236 2352 3278 et
2390 3244 2586 3293 paucos

1516 3297 1754 3347 libertos
1781 3314 1896 3346 non
1926 3304 2006 3346 est
2033 3294 2185 3347 locus
2209 3296 2502 3348 disserendi
2528 3296 2584 3350 de

1516 3363 1762 3417 moribus
1801 3381 2109 3417 servorum.
2183 3364 2445 3422 Modesto
2473 3382 2586 3416 ser-

1517 3432 1662 3483 vitia
1698 3430 2003 3512 significant
2038 3430 2360 3484 modestiam
2392 3430 2584 3485 Tiberii

1517 3501 1575 3553 in
1616 3498 1866 3552 servniis.
1937 3499 2127 3571 Neque
2166 3510 2347 3553 tamen
2385 3500 2456 3552 de
2489 3520 2587 3553 nu-

1517 3586 1671 3621 mero
1709 3576 1947 3630 tantum,
2009 3568 2103 3622 sed
2134 3568 2297 3621 etiam
2337 3568 2405 3621 de
2447 3568 2586 3620 cultu

353 2898 357 2902 ’
422 2890 787 2962 eximeretur.
858 2882 1154 2957 optativus
1180 2863 1427 2938 Graeco-

351 2968 597 3041 rum,·ut
620 2955 772 3017 230.
801 2956 859 3009 sa·
881 2957 1114 3008 mollius
1137 2956 1428 3022 acciperes.

318 3057 322 3068 ⁸
354 3027 731 3164 vjssrulrlr'zeetligi:
799 3093 895 3147 Sc.
933 3091 1253 3164 vectigalia.
1279 3091 1430 3163 quod

347 3163 764 3235 intelligendum
794 3159 937 3283 esth}
955 3161 1433 3282 ξυζάυεὲιιέαῖὲἒὲ

348 3232 690 3372 ξιξαζὸιιῗιοξε.)
713 3232 895 3371 {gluto
923 3250 1047 3353 aque
1072 3266 1434 3366 qatbmdam3

352 3370 480 3425 dein
502 3371 676 3422 iidem
701 3387 811 3438 pro.
830 3370 1056 3422 iisdem.

412 3438 566 3519 pori..
630 3436 771 3516 Edd.
791 3439 914 3489 Ber.
942 3435 1063 3490 Alc.
1091 3434 1245 3515 agri,
1279 3431 1433 3513 quod

351 3507 634 3559 Victorius
670 3524 728 3556 m
758 3524 858 3557 suo
885 3504 1173 3573 exemplari
1199 3510 1434 3554 correxit

352 3576 477 3628 acri
498 3583 550 3626 et
574 3574 652 3626 sic
679 3573 803 3626 edd.
836 3574 1080 3626 Rhenan.
1106 3589 1226 3640 sqq.
1297 3570 1434 3623 Mox

350 3663 457 3714 pro
476 3642 848 3710 fatigabatur
876 3660 974 3713 per
1000 3640 1084 3694 ed.
1114 3637 1307 3692 Oberl.
1342 3637 1430 3691 vi-

352 3714 434 3770 tio
462 3713 748 3781 operarum
775 3708 998 3778 inrepsit
1009 3708 1432 3776 fatigabantur,

356 3779 506 3852 quod
533 3778 745 3832 transiit
769 3778 827 3830 in
850 3778 988 3834 ,alios
1015 3777 1203 3829 libros.

428 3850 648 3915 asperis
675 3850 870 3899 maris·
941 3845 1013 3898 cf:
1041 3845 1091 3906 3,
1117 3845 1202 3896 54.

365 3988 413 4049 1,
439 3987 495 4040 2.

426 3917 679 3969 avaritia
789 3952 802 3966 .
832 3915 1292 3981 magistratuum.
1364 3909 1438 3965 cf.

1520 3647 1576 3689 et
1614 3636 1789 3707 pretio
1826 3637 2073 3689 modesto
2110 3636 2460 3692 servitiorum
2498 3656 2586 3690 co-

1521 3706 1673 3788 gites.
1746 3703 1962 3756 Etenim
1995 3705 2116 3757 Iulii
2144 3704 2387 3758 Caesaris
2417 3704 2586 3757 luxum

1518 3794 1580 3836 ln,
1620 3772 1722 3826 hac
1761 3791 1820 3824 re
1868 3772 1999 3826 dum
2038 3772 2352 3853 perstringit
2399 3772 2587 3827 Sueto-

1520 3842 1661 3903 nius,
1689 3840 1876 3894 scribit
1900 3842 2052 3898 047.
2081 3842 2332 3897 Ser-vitta
2355 3843 2590 3894 rectiora

1516 3911 1893 3980 politioraque
1956 3912 2236 3966 immenso
2290 3911 2480 3975 pretio
2540 3919 2587 3963 et

1524 3981 1678 4033 cuius
1703 3979 1886 4044 ipsum
1905 3980 2096 4033 *ettam
2127 3982 2392 4042 puderet,
2426 3979 2504 4032 sio
2534 3988 2587 4030 uc

430 4054 568 4108 CAP.
593 4052 645 4105 7.
714 4055 975 4105 modesta
1001 4049 1253 4110 servitia.
1313 4046 1444 4100 Mo·
1526 4047 1845 4101 rationibus·
1865 4053 2081 4112 vetaret
2110 4046 2329 4114 inferri.

361 4126 525 4184 desta
550 4121 804 4173 Muretus
828 4120 967 4174 inter
1008 4128 1214 4171 retatur
1237 4135 1443 4184 pauca,

938 4137 1343 4243 Fiieinshemius
1390 4195 1446 4238 et
1526 4186 1650 4236 alia
1713 4184 1810 4235 via
1881 4184 2122 4242 ,maican
2186 4186 2588 4238 demerebatur.

365 4192 526 4242 intra
581 4194 831 4242 modum.

363 4258 642 4314 Ernestius
664 4258 733 4311 de
758 4256 1011 4311 moribus
1039 4272 1325 4309 servorum
1346 4269 1442 4307 ac-

1595 4117 1745 4170 comi
1766 4116 1873 4166 υιά.
1945 4115 2094 4168 Suet.
2112 4115 2241 4168 oth.
2276 4133 2323 4166 c.
2341 4115 2394 4165 4.
2424 4116 2588 4168 alium

1530 4251 1743 4307 Graece
1769 4246 1902 4313 ὁδός
1927 4250 1967 4305 i.
1990 4269 2046 4324 q.
2071 4247 2296 4326 τρόπος.
