2794 5085
319 322 384 366 Α.
407 320 476 365 u.
494 320 599 363 790.

325 375 392 417 A.
412 371 471 418 c,
505 374 604 427 m,

771 257 784 284 ¹
830 324 1040 399 Lm.
1077 324 1234 429 vl..
1285 322 1530 404 CAP.
1565 325 1686 404 45.
1723 274 1846 403 4⁶.
2318 328 2471 403 42⁷

222 482 678 559 immittendo
721 503 963 550 amore
1005 480 1342 563 iuvenem
1386 480 1679 553 inlicere
1715 496 2064 577 pactoque
2092 484 2475 554 *matrimo-

220 585 336 657 nii
359 584 636 655 vincire
672 578 863 653 nihil
907 583 1341 653 abnuentem
1355 637 1379 668 ,
1430 584 1606 653 dum
1631 585 2161 656 dominationis
2203 587 2474 678 apisce-

220 701 447 761 retur.
549 710 718 755 nam
751 683 883 754 etsi
910 699 1308 773 commotus
1338 684 1627 775 ingenio
1655 686 2196 758 simulationum
2235 702 2474 763 tamen

145 796 150 805 ’
220 778 405 862 falsa
433 789 516 858 in
546 788 713 857 sinu
739 787 859 856 avi
889 786 1381 878 perdidicerat.
1580 870 1588 874 ⁴
1632 796 1652 804 ’
1771 808 1785 819 “

431 887 696 963 XLVI.
799 884 1132 959 Gnarum
1164 884 1303 958 hoc
1342 888 1692 982 principi,
1742 913 1977 984 eoque,
1997 891 2356 963 dubitavit
2384 892 2475 963 de

226 992 576 1067 tradenda
640 1015 720 1061 re
778 990 1074 1084 -publica
1138 990 1485 1084 primum*
1515 991 1715 1062 inter
1754 1006 2049 1083 nepotes
2064 1046 2089 1078 ‚
2165 1016 2476 1086 quorum

223 1095 467 1181 Druso
510 1094 789 1185 genitus
817 1093 1161 1183 sanguine
1190 1107 1260 1163 et
1288 1093 1580 1163 caritate
1606 1093 1941 1185 propior,
1993 1094 2119 1164 sed
2146 1097 2475 1166 nondum

225 1199 674 1292 pubertatem
725 1195 1113 1284 ingressus:
1183 1193 1599 1265 Germanici
1638 1195 1790 1265 filio
1846 1196 2072 1268 robur
2120 1196 2476 1283 iuventae,

226 1300 429 1390 vulgi
475 1297 746 1383 studia,
812 1320 1036 1391 eaque
1075 1292 1269 1389 apud
1314 1320 1531 1367 avum
1574 1297 1730 1367 odii
1771 1321 2000 1370 causa.

191 1400 534 1477 ‘Claudio
595 1399 893 1490 agitanti
908 1452 929 1484 ,
995 1401 1193 1493 quod
1249 1399 1312 1467 is
1357 1399 1748 1492 composita
1800 1412 2059 1483 aetate,
2120 1401 2478 1481 bonarum

232 1505 494 1574 artium
527 1503 840 1595 cupiens
860 1515 1011 1571 erat
1029 1556 1050 1587 ,
1102 1494 1484 1571 imminuta
1519 1524 1725 1584 mens
1762 1501 1916 1573 eius
1962 1501 2258 1576 obstitit.
2360 1504 2474 1573 sin

231 1619 427 1677 extra
450 1605 749 1675 domum
787 1626 1145 1674 successor
1185 1612 1681 1697 quaereretur,
1726 1626 1821 1672 ne
1858 1603 2200 1679 memoria
2222 1598 2478 1695 Augu-

231 1709 359 1792 sti,
405 1731 498 1776 ne
526 1730 792 1775 nomen
825 1702 1209 1776 Caesarum
1231 1705 1317 1774 in
1347 1705 1665 1775 ludibria
1706 1717 1777 1775 et
1815 1705 2279 1776 contumelias
2312 1731 2478 1777 ver-

231 1824 494 1895 terent,
540 1810 920 1881 metuebat.
959 1840 960 1847 ¹
1020 1807 1286 1901 quippe
1324 1806 1438 1876 illi
1470 1830 1627 1897 „non
1663 1806 1960 1899 perinde
2003 1832 2212 1878 curae
2246 1809 2476 1899 ‘gratia

231 1902 715 2006 praesentium
755 1933 971 2005 quam
1007 1908 1087 1979 in
1123 1923 1446 2002 posteros
1484 1910 1806 1983 ambitio.
1924 1907 2105 1980 Mox
2161 1910 2476 1997 incertus
2536 1926 2537 1929 ’

211 2010 497 2099 animi,
558 2013 754 2082 fesso<
782 2014 1120 2103 corpore,
1173 2010 1589 2096 consilium,
1653 2011 1771 2082 cui
1808 2010 2041 2103 impar
2077 2026 2260 2098 erat,
2326 2011 2475 2083 fato

219 2116 590 2209 permisit.
657 2114 858 2201 iactis
892 2126 1130 2184 tamen
1169 2114 1505 2197 vocibus,
1573 2136 1702 2204 per
1741 2136 1918 2207 quas
1961 2112 2499 2205 intelligeretur·

227 2218 578 2312 providus
610 2208 1040 2289 futurorum.
1141 2216 1451 2309 ‘namque
1479 2212 1814 2286 Macroni
1850 2238 2006 2284 non
2041 2216 2284 2302 abdita
2300 2304 2305 2307 ,
2323 2241 2478 2287 am-

231 2322 417 2410 bage
442 2318 883 2390 occidentem
908 2319 1000 2387 ab
1050 2341 1133 2386 eo
1180 2317 1447 2402 deseri,
1495 2316 1844 2386 orientem
1881 2318 2184 2408 spectari
2222 2342 2478 2411 expro-

233 2421 522 2495 bravit.'
598 2434 667 2490 et
690 2417 770 2493 C.
796 2416 1121 2504 Caesari,
1165 2419 1541 2490 forteorto
1577 2436 1902 2488 sermone
1930 2416 2018 2492 L.
2043 2418 2320 2491 Sullam
2360 2421 2477 2499 in,-

232 2523 541 2609 ridenti,
592 2522 836 2594 omnia
863 2520 1106 2593 Sullae
1132 2520 1309 2594 vitia
1352 2534 1424 2592 et
1463 2520 1743 2592 nullam
1781 2508 2099 2591 eiusdem
2137 2514 2475 2595 virtutem
2512 2591 2521 2594 ,
2558 2528 2563 2535 ’

195 2621 657 2696 =habiturum
744 2624 1121 2718 praedixit.
1274 2624 1493 2694 simul
1578 2623 1847 2693 crebris
1924 2648 2087 2694 cum
2144 2625 2477 2696 'lacrimis

237 2728 595 2798 minorem
632 2751 718 2798 ex
759 2726 1140 2819 nepotibus
1183 2727 1588 2818 complexus
1605 2779 1626 2810 ‚
1689 2725 1877 2796 truci
1918 2726 2206 2814 alterius
2249 2729 2479 2815 vultu,
2532 2736 2545 2748 “

243 2824 606 2924 „Occides
659 2823 857 2899 hunc
906 2842 986 2898 tu
1004 2826 1074 2914 ,”
1130 2826 1403 2921 inquit,
1464 2842 1599 2911 „et
1641 2839 1711 2897 te
1748 2826 1952 2900 alius.
1965 2825 2001 2853 ”

239 2945 567 3002 vescente
629 2925 1044 3000 valetudine
1102 2924 1291 2999 nihil
1343 2953 1382 2997 e
1430 2927 1860 2999 libidinibus
1913 2928 2319 3024 omittebat,
2396 2934 2478 3001 in
2560 3013 2567 3018 ,

155 3119 160 3120 ff
233 3034 580 3127 patientia
617 3031 1132 3104 firmitudinem
1173 3031 1519 3101 simulans
1566 3030 1956 3124 solitusque
1997 3032 2282 3118 eludere
2323 3058 2477 3104 me-

2116 1298 2333 1369 etiam
2384 1300 2477 1369 de
2560 1314 2573 1319 ‘

2133 2827 2276 2899 Sed
2315 2853 2478 2921 gra-
2588 2807 2603 2908 s

185 3289 192 3292 f
310 3238 629 3287 commotus
678 3228 920 3296 ingenio.
1011 3225 1106 3281 Sic
1148 3231 1195 3291 1,
1230 3224 1318 3281 38.

234 3297 554 3368 Αὲνίρρίηα
575 3300 758 3364 paulo
785 3297 1138 3350 commotior.

308 3371 369 3421 in
391 3369 528 3421 sinu
548 3368 659 3419 ουί.
731 3364 1037 3419 Casaubon.
1070 3364 1136 3417 ad
1164 3363 1318 3418 Suet.

241 3436 360 3491 Cal.
390 3455 440 3490 c.
462 3439 545 3490 10.
583 3434 783 3488 frustra
811 3434 1049 3488 coniecit
1087 3432 1179 3487 hie
1203 3451 1319 3486 esse

220 3505 532 3577 ‚legendum
556 3504 743 3557 aviae.
812 3503 989 3555 immo
1013 3500 1131 3558 vid.
1158 3520 1207 3556 c.
1228 3502 1317 3555 20.

311 3571 449 3626 Cn.
486 3572 576 3625 46.
663 3572 928 3625 Gnarum
965 3572 1086 3625 hoc.
1182 3569 1317 3627 San.

238 3643 406 3698 talem
434 3641 625 3695 Caium
654 3660 788 3694 esse.

312 3712 571 3765 caritate.
640 3710 734 3764 sio
761 3708 883 3762 edd.
901 3707 1155 3761 Beroald.
1172 3706 1320 3779 Lips.

245 3795 369 3851 sqq.
441 3780 721 3834 charitate
760 3778 880 3832 edd.
920 3778 1043 3831 Alc.
1075 3774 1319 3830 Rhenan.

199 3873 204 3884 “
248 3870 273 3904 s
314 3871 328 3900 ‹
352 3887 368 3902 .

276 3869 563 3985 ngitanti
584 3953 601 3969 .
618 3935 644 3969 ·.
671 3953 687 3968 .
714 3955 728 3969 .
759 3917 988 3969 obstitit.

246 3988 314 4041 ad
342 3987 424 4049 11,
452 3986 501 4040 8.
529 3987 648 4038 init.
680 3995 735 4050 et
757 3987 809 4046 2,
835 3985 923 4039 76.

316 4054 629 4121 composita
651 4062 859 4106 aetate.
929 4051 1077 4107 Haec
1099 4063 1180 4106 est
1203 4052 1320 4105 bre·

244 4125 383 4181 vitas
419 4121 612 4176 Taciti»
703 4120 978 4192 intelliget
1020 4140 1091 4174 ea
1132 4129 1322 4183 aetate,

246 4213 355 4267 qua
393 4191 680 4247 hominum
729 4191 940 4243 animus
984 4190 1321 4261 compositus

246 4274 302 4317 et
338 4282 367 4316 a
404 4259 729 4384 iulvenilibus
769 4258 1068 4313 adfectibus
1115 4258 1320 4326 alienus

248 4348 362 4385 esse
385 4348 447 4384 so
470 4339 542 4383 et.
923 4351 926 4354 ’

1090 3913 1163 3969 cf.
1198 3923 1321 3970 not.

1471 3232 1771 3278 verterent.
1863 3220 1960 3277 Sic.
2006 3221 2134 3277 cod.
2178 3222 2303 3278 MS.
2353 3225 2478 3282 edd.

1401 3293 1662 3348 Beroald.
1688 3291 1813 3347 Alc.
1837 3291 2083 3344 Rhenan.
2105 3290 2231 3346 Ald.
2260 3293 2475 3367 Micyll.

1402 3370 1645 3417 verteret
1674 3361 1799 3415 edd.
1828 3360 1976 3432 Lips.
2009 3359 2169 3414 Grut.
2239 3360 2480 3420 Picbena

1404 3432 1532 3496 dein
1570 3441 1813 3489 veterem
1851 3429 1959 3484 seri
1996 3439 2176 3483 turam
2227 3431 2478 3497 restituit,

1406 3519 1570 3573 quam
1625 3517 1913 3570 perperam
1985 3499 2175 3552 acessit
2229 3498 2477 3556 Heinsius

1403 3569 1646 3624 scribens
1674 3567 1919 3638 :probum
1956 3586 2069 3620 esse
2096 3575 2350 3621 'verteret
2374 3589 2477 3641 pro

1403 3646 1731 3692 verteretur.
1798 3634 1907 3689 Sed
1938 3637 2171 3705 probum
2200 3637 2361 3691 etiam
2399 3651 2480 3693 est

1405 3713 1686 3772 verterent

1407 3776 1517 3829 duo
1545 3782 1671 3825 sunt
1697 3792 1723 3826 s

1476 3843 1815 3894 occidentem
1869 3843 1942 3893 ab
1989 3857 2056 3892 eo
2098 3843 2299 3894 deseri.
2406 3844 2480 3899 cs.

1783 3723 1848 3784 ¹2⁰
1899 3714 2291 3758 verterentur:
2349 3726 2476 3762 nam

1802 3782 1958 3825 necta.

1405 3910 1517 3964 Dio
1545 3911 1628 3972 58,
1649 3910 1735 3963 28.
1808 3907 2001 3962 Simile
2027 3907 2235 3964 dictum
2262 3910 2370 3962 vid.
2393 3931 2480 3994 ap.
2578 3953 2581 3962 .

1407 3978 1688 4033 Plutarch.
1729 3978 1787 4031 in
1811 3969 2007 4051 Romp.
2044 3978 2203 4032 c.22.
2274 3976 2478 4050 Xiphnl.

1406 4046 1881 4184 ⁷1:7234’patiemim
1951 4113 2038 4167 Ad
2075 4113 2479 4171 emendandum

1407 4185 1596 4240 locum
1625 4193 1965 4238 concurrunt
1989 4182 2091 4236 viri
2123 4183 2300 4237 docti:
2351 4183 2482 4240 Mu·

1407 4265 1556 4308 retus
1589 4253 1709 4309 vult
1750 4252 2111 4319 impatientia
2125 4291 2141 4313 ,
2198 4252 2479 4308 Ernestius

1408 4322 1884 4391 &temper-antia,
1934 4322 2004 4377 ob
2042 4320 2230 4378 locum
2252 4322 2480 4379 Sueten.
