2794 5085
1042 292 1070 322 Χ

375 351 525 427 244
1192 350 1798 429 ANNALIUM
1901 382 1913 407 f

381 507 598 578 debat
636 507 775 577 sibi
818 482 1027 599 atc‘fue
1081 507 1285 577 fratri
1325 511 1603 580 decreta
1651 512 1895 581 eadem
1945 528 2226 607 petente
2267 515 2626 614 Augusto,⁴

381 612 505 680 sed
542 634 772 703 neque
813 622 966 677 tum
1003 610 1219 680 fuisse
1255 611 1729 682 dubitaverim
1744 669 1764 698 ‚
1814 616 1939 708 qui
1982 618 2333 690 eiusmodi
2374 649 2614 715 preces

381 712 641 782 occulti
687 711 1126 781 inluderent:
1166 728 1171 733 ’
1232 736 1313 782 ac
1356 726 1596 783 tamen
1637 698 1845 787 initia
1889 720 2155 810 fastigii
2186 721 2612 798 Caesaribus

381 829 615 899 erant,
678 813 1043 905 magisque
1076 813 1159 881 in
1207 815 1431 884 oculis
1490 830 1691 886 vetus
1728 842 1885 889 mos
1929 836 1998 891 et
2040 823 2391 916 privignis
2451 852 2612 899 cum

369 908 627 989 'vitrico
668 915 895 984 levior
937 915 1378 987 necessitudo
1422 912 1637 1011 quam
1678 944 1810 991 avo
1846 923 2222 994 adversum
2255 944 2610 1021 nepotem.

373 1011 689 1088 Additur
716 1017 1165 1109 pontificatus
1195 1034 1263 1090 et
1291 1044 1433 1111 quo
1465 1013 1780 1113 primum
1802 1024 1937 1094 ,zdie
1978 1027 2216 1115 forum
2254 1031 2628 1121 ingressus·

372 1134 478 1190 est
517 1120 957 1210 congiarium
994 1120 1190 1212 plebi
1233 1122 1621 1191 admodum
1652 1125 1910 1211 laetae,
1974 1131 2176 1221 quod‘
2193 1128 2611 1204 Germanici

373 1223 664 1313 stirpem
707 1221 849 1291 iam
890 1222 1231 1313 puberem
1273 1224 1676 1315 aspiciebat.
1778 1222 2088 1298 Auctum
2132 1228 2392 1303 dehinc
2436 1238 2610 1326 gau-'-

374 1325 575 1393 dium
605 1322 874 1414 nuptiis
900 1322 1206 1393 Neronis
1246 1339 1316 1394 et
1346 1323 1570 1395 Iuliae
1596 1324 1817 1397 Drusi
1854 1330 2063 1403 filiae.
2167 1332 2405 1429 thue
2434 1333 2609 1408 haec

372 1428 699 1497 secundo·
737 1448 1065 1510 rumore,
1132 1426 1232 1497 ita
1273 1428 1588 1498 adversis
1626 1430 1885 1499 animis
1911 1449 2329 1525 acceptum,
2411 1444 2605 1532 quod

368 1528 519 1597 filio
545 1525 830 1597 Claudii
857 1550 1055 1596 socer
1079 1525 1379 1597 Seianus
1417 1531 1907 1606 destinaretur.-
2010 1537 2350 1626 polluisse
2392 1542 2605 1611 nobi·-

369 1630 641 1703 litatem
699 1629 1012 1699 familiae
1069 1629 1500 1702 videbantur
1554 1648 2089 1729 suspectumque
2141 1638 2283 1708 iam
2338 1642 2604 1713 nimiae

358 1732 515 1822 spei
542 1730 884 1802 Seianum
916 1730 1103 1799 ultra
1124 1734 1484 1813 extulisse.
2529 1768 2534 1772 <

2191 346 2208 375 ἵ
2252 354 2511 400 A.U.77s.

2202 418 2216 432 ·
2251 409 2314 456 A.
2337 410 2398 454 C.
2437 413 2512 454 20.

432 2017 550 2070 sibi.
621 2015 730 2068 Dio
757 2015 950 2076 53,28.
969 2016 1176 2085 fratri.
1251 2017 1330 2070 ld.
1356 2017 1438 2081 54,
1475 2040 1478 2043 ·
1526 2025 1655 2067 vett.
1682 2036 1825 2087 nsqq.
1920 2015 1989 2070 Et
2035 2018 2411 2072 Freinshemio
2476 2022 2597 2094 qui-

320 2144 325 2147 ,
367 2089 448 2139 10.
505 2078 750 2138 ῐΒοειιιηειειι
778 2086 962 2138 eadem
985 2085 1316 2140 Germanico
1346 2106 1435 2140 re·
1525 2085 1646 2145 dem
1672 2083 2047 2157 intelliguntur
2072 2089 2142 2147 ii,
2175 2091 2369 2156 'quibus
2398 2101 2622 2151 ἀπιεῖσ-1

362 2154 469 2206 fert
488 2152 720 2209 sueton,
752 2153 864 2207 Cal,
904 2173 953 2208 ο,
991 2158 1040 2209 1,
1433 2180 1436 2185 ·
1523 2152 1678 2206 ribus
1710 2156 1769 2205 id
1796 2162 2021 2220 gestum
2046 2165 2192 2209 erat.
2263 2157 2530 2212 Dissentit
2557 2160 2596 2213 1.

1524 2222 1615 2274 Fr.
1648 2220 2010 2284 Gronovius,
2035 2226 2127 2293 qni
2165 2224 2339 2278 mutat
2369 2229 2598 2280 videba-

1522 2301 1634 2351 tur,
1668 2311 1741 2344 sc.
1756 2290 2027 2345 Tiberius.
2099 2291 2282 2360 Quam
2311 2296 2594 2350 coniectu-

1519 2378 1636 2411 ram
1656 2361 1984 2414 recentiores
2013 2362 2295 2414 in²textum
2324 2382 2597 2432 recepere.

1520 2426 1625 2479 Sed
1665 2429 1809 2481 unde
1838 2428 1927 2482 hic
1952 2429 2130 2485 statim
2158 2429 2363 2484 Tiberii
2395 2450 2598 2488 nomeu

431 2254 648 2306 occulti.
718 2252 904 2306 Heius.
949 2256 1164 2323 emend.
1209 2259 1435 2310 occulte.

361 2322 602 2375 Frustra.
662 2321 734 2375 cf.
760 2321 892 2391 infr.
920 2323 970 2385 4,
999 2326 1078 2378 12.
1103 2326 1304 2387 occulti
1325 2329 1438 2395 Ιιιε-ρ

361 2393 667 2452 tabanum
725 2392 796 2442 ib.
842 2410 892 2445 c.
933 2393 1016 2444 40.
1073 2412 1190 2445 non
1238 2396 1441 2446 occulti

262 2472 265 2477 ⁴
344 2460 571 2528 ferunt.
643 2457 864 2510 Sallust.
892 2461 955 2512 Iu
995 2499 1009 2512 .
1045 2481 1094 2515 c.
1124 2456 1209 2514 61.
1243 2464 1334 2513 uti
1356 2465 1436 2514 ad

1019 2550 1097 2583 ac.
1111 2528 1245 2584 Hist.
1271 2530 1326 2591 3,
1345 2532 1432 2585 47.

357 2596 570 2649 subitus
598 2596 831 2663 inrupit.
905 2596 1095 2651 Germ.
1141 2619 1187 2651 c.
1212 2600 1263 2651 6.
1305 2601 1437 2652 rari

355 2665 566 2732 gladiis
609 2672 863 2717 utuntur.
961 2665 1284 2720 Ramshorn.
1327 2661 1428 2721 Gr.

356 2729 395 2801 ς
417 2732 532 2785 151.
571 2751 624 2804 p.
649 2731 769 2786 297.
1394 2741 1400 2742 ⁷

357 2545 419 2580 se
441 2529 684 2579 occultus
703 2527 919 2583 veniat.

425 2852 492 2885 ao
525 2825 767 2885 tamen(
813 2831 912 2885 Gr.
958 2838 1056 2889 καί
1089 2855 1195 2892 τοι.
1266 2837 1340 2892 cf.
1379 2841 1429 2902 6,

355 2903 442 2958 30.
548 2901 844 2978 perperam
899 2904 1152 2960 Muretus
1211 2910 1426 2962 emend.

352 2975 493 3028 haec
527 2980 738 3023 tamen.
886 2983 889 2984 ’

425 3089 533 3139 quq
554 3072 810 3137 primum
836 3065 943 3126 diei
998 3073 1161 3129 Diem
1187 3078 1426 3134 tirocinii

355 3139 483 3194 dicit
507 3138 654 3193 Suet.
685 3138 798 3194 Cal.
830 3160 878 3195 c.
909 3145 956 3195 1.
993 3144 1085 3215 qui
1113 3153 1163 3199 et
1191 3146 1256 3199 de
1285 3168 1424 3201 con·
1479 3181 1494 3198 ι

353 3207 537 3279 giaris
550 3208 693 3279 plebi
718 3208 842 3264 dato
874 3211 1059 3266 eadem
1087 3215 1271 3284 refert.

421 3307 652 3376 nuptiis.
763 3308 934 3378 Igitur
991 3332 1103 3365 non
1158 3327 1270 3370 rata
1322 3317 1426 3372 fuit

352 3376 531 3447 pactio
573 3374 886 3446 priusinita
927 3398 1053 3440 cum
1087 3382 1258 3446 Silani
1300 3387 1427 3450 fitia,

354 3463 504 3567 liipr·
531 3443 687 3507 242.
725 3447 831 3499 sive
869 3466 1018 3502 mors
1055 3450 1201 3504 illam
1235 3457 1421 3510 abstu-

421 3600 660 3662 secundo
692 3615 943 3655 rumore.
1015 3602 1203 3659 Horat.
1234 3606 1423 3743 51„ss
1492 3590 1871 3659 familiarum·

357 3669 437 3725 10,
464 3666 514 3719 9.
556 3666 713 3737 Quae
748 3686 846 3721 vos
875 3675 955 3721 ad
979 3678 1189 3730 coelum
1217 3695 1247 3728 e
1289 3683 1424 3731 erlis

352 3737 588 3787 rumore
631 3741 895 3792 secundo.
986 3742 1058 3794 cf.
1099 3741 1420 3817 interpretes

351 3806 419 3858 ad
445 3801 640 3876 virgil.
666 3805 807 3858 Aen.
839 3807 888 3867 8,
915 3807 1000 3861 90.

402 3905 532 3974 filio
547 3906 785 3958 Claudii.
860 3906 1060 3969 Druso,
1099 3913 1191 3979 qui
1219 3933 1317 3983 per
1338 3917 1418 3969 lu·

350 3992 468 4025 sum
497 3974 616 4044 piro
642 3974 698 4026 in
721 3973 950 4027 sublime
976 3976 1166 4033 iactato
1196 3992 1246 4034 et
1268 3984 1420 4038 hiatu

349 4041 460 4094 oris
486 4052 710 4113 ¹excepto
746 4043 1104 4114 strangulatus
1134 4062 1239 4112 est,
1291 4071 1418 4106 cum

350 4107 395 4161 ei
423 4121 544 4163 ante
570 4117 769 4181 paucos
795 4112 903 4163 dies
928 4113 1092 4167 filiam
1113 4116 1289 4173 Seiani
1317 4141 1417 4192 pa-

350 4187 431 4229 ter
470 4178 881 4248 despondissets
958 4182 1181 4241 Sueton.
1229 4189 1417 4244 Claud.

351 4264 397 4298 c.
425 4246 510 4299 27.
582 4247 686 4299 Dio
713 4248 797 4310 60,
820 4249 906 4303 32.

421 4332 763 4382 mechantur.
833 4332 925 4386 sie
966 4305 1086 4392 esd.
1129 4339 1249 4393 MS.
1295 4342 1414 4396 edd.

1519 2493 1716 2566 legenti
1752 2516 2070 2551 succurrere
2109 2498 2308 2570 possit,
2349 2519 2466 2554 non
2508 2522 2628 2562 sa-x

1516 2564 1583 2617 tis
1610 2565 1792 2621 video.
1863 2568 2039 2628 Immo
2070 2568 2302 2623 verbum
2334 2571 2597 2625 videban-

1516 2642 1612 2687 tur
1651 2634 1850 2703 pendet
1886 2655 1917 2689 e
1952 2636 2283 2690 nominativo
2297 2639 2591 2710 familiae,

1555 2720 1653 2754 uae
1676 2702 2056 2774 intelliguntur
2083 2706 2324 2758 Claudia
2351 2718 2403 2761 et
2420 2707 2602 2764 Iulia:

1515 2720 1759 2841 §amque
1787 2771 1996 2826 Claudii
2020 2783 2087 2826 ‘et
2121 2773 2250 2826 Iulii
2281 2795 2380 2845 per
2409 2777 2593 2836 Liviae

1513 2838 1642 2892 alias
1684 2857 1750 2891 ue
1787 2841 2106 2911 adoptiones
2150 2841 2223 2894 ita
2261 2846 2593 2911 coaluerant,

1514 2917 1573 2959 ut
1599 2858 1765 2960 iidem
1793 2908 1904 2961 fere
1934 2920 2105 2962 essent
2131 2920 2183 2963 et
2206 2909 2329 2963 Iulii
2356 2925 2409 2967 et
2428 2914 2589 2969 Clau-

1515 2976 1608 3028 dii.
1681 2975 1837 3044 Quae
1865 2978 2001 3030 ratio
2031 2977 2072 3030 si
2104 2979 2267 3032 dubia
2292 2982 2471 3035 adhuc
2495 2984 2591 3037 tibi

1515 3044 1792 3108 videatur,
1833 3045 1947 3115 lege
1970 3045 2097 3100 infr.
2124 3048 2173 3109 6,
2200 3048 2251 3100 8.
2280 3050 2416 3102 Non
2439 3053 2598 3117 enimv

1514 3110 1787 3166 Seianum
1817 3114 2260 3179 Vulsiniensem,
2294 3121 2398 3170 sed
2417 3120 2588 3173 Clau—

1513 3181 1646 3233 diae
1677 3192 1757 3233 ‘et
1814 3182 2003 3235 Iuliae
2059 3189 2268 3238 domus
2329 3185 2587 3259 partem}

1513 3268 1657 3317 quas
1685 3250 1986 3319 adfinitate
2029 3253 2371 3326 (desponsata
2398 3256 2587 3314 Druso

1511 3318 1638 3386 filia)
1675 3332 2073 3385 occupaverat,
2120 3332 2280 3374 tuum
2293 3361 2308 3383 ,
2355 3325 2585 3389 Caesar,

1508 3403 1780 3455 generum
1805 3418 1874 3429 --
1887 3412 1978 3446 s—-·
2012 3393 2344 3446 colebamus.
2416 3396 2508 3451 Sic
2535 3395 2586 3451 e}

1508 3454 1633 3507 alibi
1648 3457 2014 3525 familiarum
2051 3478 2181 3511 voce
2210 3460 2585 3532 significantur

1510 3523 1717 3577 Claudii
1755 3536 1809 3577 et
1854 3524 1993 3579 Iulii.
2086 3526 2159 3580 cf.
2206 3532 2249 3590 1,
2288 3529 2381 3585 26.
2420 3536 2586 3603 filios

1578 3732 1748 3782 ultra.
1842 3730 1935 3786 Sic
1983 3733 2107 3786 cod.
2149 3732 2271 3789 MS.
2324 3738 2409 3789 ed.
2454 3735 2577 3793 Ber.

1505 3797 1758 3864 Restituit
1781 3799 2057 3853 Ernestius
2095 3822 2212 3873 sqq.
2286 3806 2425 3859 Nam
2455 3810 2578 3862 edd.

1503 3866 1688 3919 Rhen.
1717 3886 1841 3940 sqq.
1885 3869 2143 3924 dederant
2186 3875 2363 3937 ultro,
2425 3878 2578 3946 quod

1506 3934 1811 3987 defenditur
1870 3955 1897 3988 a
1957 3938 2129 3992 Baum
2155 3943 2575 3999 ‘arten-Crusio

1504 4003 1572 4055 ad
1597 4003 1820 4057 Sueton.
1850 4003 2038 4059 Claud.
2070 4026 2117 4060 c.

1505 4072 1706 4140 optime
1742 4073 1868 4127 loco
1908 4077 2197 4139 convenit3
2250 4081 2468 4149 respicit
2506 4084 2572 4135 ad

1503 4141 1746 4192 nimiam
1767 4135 1937 4205 ‘spem
1965 4143 2176 4204 Seiani,
2213 4150 2369 4200 ultra
2445 4168 2568 4202 uam

1502 4227 1648 4262 nunc
1675 4212 1841 4272 elatus
1868 4230 1979 4265 esse
2015 4213 2320 4268 videbatur.
2349 4251 2352 4254 >
2441 4235 2568 4269 aas·

1407 4315 1408 4318 η
1499 4286 1615 4328 met
1636 4280 1753 4343 ipse
1777 4296 1907 4345 spes·
1927 4283 2288 4350 anteivqrotc
2338 4286 2409 4339 cf.
2440 4286 2565 4341 infr.
2660 4307 2665 4316 ’

1502 4360 1547 4398 c.
1578 4347 1661 4399 66.

2214 4045 2232 4063 .
2302 4012 2381 4063 At
2419 4016 2575 4066 ultra
2667 4071 2672 4077 ,
