2794 5085
340 419 401 465 A.
427 420 492 464 U·
514 417 619 464 77⁵.

342 473 406 516 A.
430 471 488 516 C.
541 473 614 513 22.

239 581 366 675 qui
417 579 788 648 exercitam
828 600 1109 671 quoque
1162 578 1636 669 eloquentiam
1681 576 2037 661 debilitat,
2100 603 2255 647 non
2294 595 2477 651 tem-

139 748 150 762 ,
235 696 533 774 perante
575 679 904 764 Tiberio,
969 672 1146 772 (juin
1187 692 1537 770 premeret
1574 704 1778 765 voce,
1841 682 2080 765 vultu,
2148 706 2230 750 eo
2281 684 2474 775 quod

239 786 392 875 ipse
443 783 862 861 creberrime
904 781 1405 870 interrogabat.
1503 805 1744 873 ¹neque
1800 784 2117 850 refellere
2159 797 2281 851 aut
2325 784 2477 852 elu-

241 888 411 955 dere
442 885 783 967 dabatur,
833 907 913 951 ac
955 907 1156 972 saepe
1198 884 1406 951 etiam
1442 883 1923 951 confitendum
1955 898 2140 968 erat,
2191 909 2284 952 ne
2323 887 2478 953 fru-

241 1003 387 1057 stra
434 986 910 1080 quaesivisset.
1027 984 1282 1054 Servos
1337 1009 1618 1077 quoque
1659 984 1922 1069 Silani,
1986 1000 2068 1054 ut
2109 986 2478 1055 tormentis

173 1106 180 1112 '
242 1090 810 1176 interrogentur,
877 1099 1071 1153 actor
1120 1086 1448 1177 publicus
1501 1086 1853 1176 mancipio
1906 1101 2286 1178 acceperat.
2410 1102 2480 1156 et

241 1217 337 1261 ne
386 1191 544 1282 quis
583 1188 1137 1255 necessariorum
1182 1187 1457 1286 iuvaret
1500 1188 2049 1277 periclitantem,
2098 1189 2480 1257 maiestatis

244 1282 547 1362 crimina
578 1291 1089 1373 subdebantur,
1119 1290 1439 1357 vinclum
1471 1303 1540 1357 et
1569 1290 1941 1357 necessitas
1974 1290 2254 1363 silendi.
2331 1289 2480 1379 lgi-

242 1409 366 1464 tur
406 1392 625 1489 petito
669 1412 1059 1482 paucorum
1102 1389 1381 1458 dierum
1430 1390 1802 1463 interiectu
1844 1392 2323 1460 defensionem
2370 1393 2482 1461 sui

246 1495 591 1577 deseruit,
643 1493 830 1562 ausis
873 1494 962 1560 ad
1002 1488 1374 1561 Caesarem
1413 1492 1788 1577 codicillis,
1839 1494 2098 1586 quibus
2138 1493 2482 1563 invidiam

249 1610 322 1667 ct
350 1619 590 1688 preces
623 1594 1021 1665 miscuerat.
1290 1602 1295 1611 ’
2289 1610 2292 1611 ’

2177 1768 2203 1803 6

322 1908 387 1943 eo
412 1893 581 1958 quod.
626 1888 861 1971 JLipsius
887 1896 940 1940 et
966 1891 1141 1967 quod,
1176 1887 1324 1958 quod
1403 1890 1599 1959 χῶρον
1623 1884 2020 1956 ἐβουλεύσαντο
2050 1886 2481 1959 μετάναστῆναι,

178 2008 181 2011 ,
249 1959 454 2032 placuit
473 1958 785 2012 Rieklefsm.
856 1956 1132 2013 Acidahus
1155 1974 1327 2025 eoque
1412 1962 1506 2010 ἵνα
1534 1961 1627 2011 καὶ
1654 1955 1814 2011 ὕδατι
1843 1958 2008 2027 ἔχωσι
2025 1960 2277 2027 χρᾶσθαι
2293 1955 2486 2028 ἀφθό-

249 2033 418 2097 quod.
491 2028 613 2079 Sed
637 2027 913 2078 Ernestius
954 2028 1091 2079 bene
1142 2025 1330 2077 docuit
1403 2045 1492 2094 ,νῳ
1519 2030 1610 2078 καὶ
1640 2030 1693 2079 οἱ
1722 2031 1913 2086 ἱππέες
1937 2026 2203 2098 σφέαςμὴ
2222 2034 2485 2082 σινοίατο.

250 2098 399 2151 hisce
428 2095 603 2149 verbis
645 2095 894 2167 explicari
935 2093 1321 2167 antecedentia.

1413 2096 1526 2149 Ubi
1546 2099 1639 2147 ἵνα
1665 2097 1826 2166 ἔχωσι
1853 2108 2029 2149 exacte
2047 2098 2339 2167 respondet
2354 2114 2485 2149 con-
2566 2130 2574 2148 .

176 2198 185 2211 ι
252 2167 501 2219 Debebat
563 2166 707 2216 enim
751 2162 1002 2249 'scriptor
1053 2162 1324 2221 rationem

228 2235 514 2292 reddere,
567 2232 844 2303 quomodo
896 2231 1134 2283 l'iberius
1172 2248 1326 2281 reum

257 2322 395 2355 voce
423 2312 473 2354 et
497 2302 645 2355 vultu
678 2301 955 2372 presserit,
991 2320 1067 2352 se.
1100 2299 1330 2366 eoquod

210 2402 211 2407 =
258 2382 363 2424 etc.
432 2371 562 2422 Mox
587 2382 708 2423 ante
735 2387 911 2437 neque
936 2368 1090 2437 plene
1117 2377 1231 2420 erat
1253 2368 1330 2419 iu·

256 2440 725 2511 terpnngendum‚
774 2438 850 2489 uti
894 2447 972 2491 est
1009 2435 1150 2506 apud
1192 2436 1330 2487 Rhe-

254 2528 494 2572 nanum3
529 2527 652 2572 nam
674 2506 803 2562 haee
822 2525 934 2560 non
953 2503 1182 2576 amplius
1198 2523 1331 2576 pen·

254 2579 387 2633 dent
415 2598 443 2630 e
469 2580 630 2646 qu'od.
690 2579 697 2587 ’

324 2715 527 2751 servos
552 2714 785 2766 quoque.
860 2694 930 2749 cf.
960 2694 1010 2754 2,
1039 2694 1123 2751 30.
1151 2694 1333 2763 ibique

252 2778 372 2823 not.

327 2881 759 2950 interrogentur.
810 2883 901 2937 Sic
927 2884 1047 2938 cod.
1064 2883 1186 2934 MS.
1213 2881 1334 2933 edd.

255 2955 510 3012 Beroald.
551 2954 794 3006 Rhenan.
840 2954 963 3005 Ald.
1016 2972 1133 3022 sqq.
1225 2950 1335 3001 Sed

259 3026 521 3098 quoniam
584 3023 957 3093 grammatices
1004 3024 1141 3073 ratio
1201 3016 1334 3070 illud

258 3108 469 3164 tempus
494 3092 776 3144 videbatur
806 3100 1015 3148 vetare,
1058 3086 1336 3142 l'aschalio

259 3174 485 3218 auctore
521 3158 821 3218 Pichenas
902 3197 913 3209 .
957 3168 1235 3210 mutarunt
1278 3154 1336 3204 in

260 3235 774 3294 interrogarentur.
900 3225 1023 3278 imia
1050 3221 1338 3278 suit‘sedu·

261 3303 400 3355 litas.
469 3298 606 3349 Nam
641 3297 695 3348 in
733 3307 1039 3365 temporum
1079 3310 1338 3346 consecu-

262 3371 412 3423 tione
439 3367 639 3418 Noster
679 3366 903 3416 eandem
949 3382 1072 3415 cum
1114 3361 1340 3413 Graecis

261 3436 529 3492 rationem
588 3433 1028 3502 diligentiamque
1097 3438 1339 3497 usurpat.

261 3507 330 3560 Et
358 3505 446 3557 hic
472 3502 689 3573 quidem
724 3500 1023 3570 optativus,
1060 3502 1153 3569 qui
1182 3507 1259 3548 est
1281 3498 1341 3570 in

263 3575 782 3638 interrogarentur,
816 3567 1032 3620 ·locum
1097 3565 1341 3617 obtinere

190 3641 193 3646 ⁴
265 3642 485 3711 nequit,
555 3636 681 3708 quia
745 3656 960 3688 sensum
1038 3636 1340 3703 detorquet.

267 3709 547 3780 Significat
592 3705 765 3759 enim:
838 3706 1017 3756 dann’t
1055 3707 1134 3755 st'e
1171 3703 1343 3751 durch

266 3782 358 3831 die
395 3779 588 3830 Folter
635 3773 858 3842 befrogt
892 3777 1120 3824 werden
1164 3771 1343 3820 honn-

268 3858 392 3909 ten‚
449 3865 522 3896 se.
559 3843 601 3896 si
648 3843 865 3912 quando
902 3838 1344 3908 interrogari-eos

267 3917 520 3987 placeret.
607 3911 809 3964 Utrum
860 3908 1174 3977 interrogati
1225 3906 1346 3963 sint,

267 4002 471 4040 necne,
521 3981 791 4032 incertum
845 3976 1184 4047 relinquitur.
1271 3972 1346 4025 At

267 4053 357 4107 hie
382 4069 495 4103 non
524 4058 601 4100 est
636 4067 751 4109 res,
788 4065 924 4115 quae
965 4044 1188 4112 cogitari
1230 4053 1347 4094 tan-

267 4132 385 4175 tum
433 4136 593 4189 posse
643 4115 882 4176 dicatur;
950 4114 1041 4165 sed
1099 4112 1346 4163 iubeturt

254 4190 368 4246 ,St'e
393 4190 578 4240 sollen
601 4185 824 4251 befrugc
851 4186 1077 4235 werden
1107 4181 1232 4232 h.‘e.
1265 4178 1345 4228 in·

270 4263 668 4322 terrogentur5
686 4251 869 4323 ‘igitur
895 4260 956 4302 ut
984 4250 1349 4313 interrogen-

254 4336 393 4384 tur,
444 4342 541 4374 um
581 4321 802 4389 befragt
841 4338 910 4369 zu
940 4323 1187 4369 werden.
1253 4314 1349 4367 Sic

269 4392 537 4447 Herodot.
581 4390 633 4453 9,
668 4387 752 4441 51.
812 4386 867 4447 ἐς
902 4388 1104 4441 τοῦτον
1144 4382 1212 4451 δὴ
1250 4382 1350 4438 τὸν

1413 3981 1420 3990 ,
1433 3944 1581 3996 tibus
1641 3942 1816 3994 ausis.

1401 2162 1663 2218 'iunctivo
1708 2174 1768 2216 ut
1810 2167 2260 2232 interrogentur,
2315 2175 2373 2216 ‘at
2407 2163 2487 2236 μὴ

1416 2221 1664 2288 σινοῖατο
1708 2254 1765 2285 ex
1801 2252 1949 2284 mera
1990 2232 2317 2305 cogitatione
2357 2252 2486 2303 pen·

1419 2304 1525 2355 det.
1618 2302 1801 2355 Simile
1853 2302 2151 2372 exemplum
2198 2302 2337 2372 apud
2379 2302 2486 2355 No-

1418 2382 1589 2424 strum
1644 2378 1808 2422 exstat
1866 2364 1954 2432 13,
2006 2371 2090 2423 27.
2145 2369 2489 2437 Scripsitque

1421 2441 1633 2491 Caesar
1667 2439 1927 2490 senatui.-
1974 2441 2247 2504 privatim
2274 2457 2486 2505 expe-na

1416 2513 1614 2564 derent
1656 2522 1888 2561 caucam
1936 2509 2320 2588 libertorum&
2354 2526 2488 2575 quo·
2543 2516 2550 2525 ’·

1418 2580 1565 2630 tiens
1589 2598 1627 2628 a
1647 2578 1916 2643 patronis
1941 2588 2317 2642 arguerentur
2340 2578 2491 2644 (haee
2521 2603 2523 2612 >

1419 2667 1448 2698 e
1478 2647 1800 2717 cogitatione
1827 2646 2094 2714 pendent,
2139 2649 2217 2698 sie
2240 2647 2490 2697 k'o‘nnten

1420 2724 1524 2767 etc.
1614 2714 1796 2784 Pergit
1842 2716 2038 2781 autem)
2091 2716 2150 2766 in
2199 2731 2493 2767 commune

1418 2785 1564 2834 nihil
1585 2787 1859 2847 derogent
1884 2783 2009 2850 (hoc
2035 2783 2293 2851 iubetur).
2360 2782 2490 2834 Her·

1421 2871 1653 2903 mannus
1703 2850 1992 2921 ad‚W⁷iger.
2034 2851 2134 2903 sub
2171 2852 2275 2904 350
2326 2850 2492 2921 negli-

1423 2919 1660 2988 gentiam
1720 2919 1878 2980 dicit,
1942 2939 2104 2989 quam
2162 2920 2493 2990 diligentiam
2577 2953 2578 2956 =

1425 3007 1536 3050 esse
1566 2998 1715 3057 puto·
1777 2986 1859 3039 Cf.
1887 2988 2027 3039 idern
2057 2988 2123 3038 de
2153 2989 2370 3040 emend.
2396 2997 2493 3042 rat.

1425 3076 1653 3125 gramm.
1689 3055 1763 3116 ll,
1801 3056 1885 3107 21.
1927 3076 1989 3124 .p.
2018 3057 2136 3107 212.
2210 3055 2333 3108 Vid.
2376 3065 2492 3108 not.

1425 3145 1569 3196 supr.
1596 3125 1660 3176 ad
1692 3128 1740 3184 1,
1770 3124 1850 3175 19.
1884 3125 1982 3175 sub
2010 3146 2058 3192 r.
2091 3125 2453 3176 meditentur.

1493 3229 1654 3282 actor
1676 3225 1950 3291 publicus.
2005 3222 2076 3277 cs.
2106 3233 2221 3276 not.
2245 3223 2309 3275 ad
2334 3225 2387 3285 2,
2413 3223 2495 3276 30.

1493 3309 1738 3429 tgpclum
1764 3319 1817 3360 et
1842 3310 2161 3362 necessitas.
2231 3307 2318 3362 Cf.
2336 3307 2495 3362 Roth.

1426 3397 1481 3451 p.
1508 3431 1516 3437 ,
1584 3416 1597 3429 .

1496 3463 1671 3515 ausis.
1766 3461 1889 3514 Hoc
1913 3443 2157 3513 =vei-lium
2198 3458 2498 3514 Oberlinus

1429 3531 1552 3583 satis
1590 3529 1829 3583 defendit
1868 3529 2003 3582 locis
2036 3530 2148 3581 Liv.
2177 3530 2260 3591 39,
2285 3530 2334 3581 8.
2371 3533 2499 3593 ple-

1427 3616 1600 3718 202‘3‘2
1615 3616 1727 3717 τε
1747 3600 2262 3719 Ἣεὲῖεέιΐ·
2317 3596 2499 3736 &4532

1431 3743 1477 3798 1,
1502 3738 1554 3790 4.
1625 3735 1815 3788 Vellei.
1852 3737 1903 3794 2,
1932 3736 2016 3794 56„
2093 3734 2255 3787 Ovid.
2277 3734 2415 3785 luet.
2448 3736 2501 3796 2,
2595 3751 2598 3754 ’

1429 3804 1549 3858 328.
1602 3806 1682 3866 11,
1713 3805 1832 3857 242.
1908 3806 2106 3856 Noster
2136 3802 2212 3865 13,
2239 3803 2322 3854 47.
2393 3802 2500 3864 Po.

1431 3874 1615 3925 tuisset
1644 3872 1766 3926 addi
1795 3893 1823 3925 e
1853 3892 1913 3926 ea
1936 3894 1967 3924 ›.
1995 3891 2170 3941 praec.
2196 3872 2498 3935 impuden-

1987 3942 2128 3993 iores
2180 3940 2499 4007 interpretes

1431 4009 1755 4062 mutandum
1783 4009 1869 4062 hic
1896 4009 2093 4080 aliquid
2130 4026 2242 4060 esse
2279 4017 2500 4077 putave-

1431 4088 1569 4133 rant.
1641 4077 1906 4142 Faje'rnus:
1959 4080 2149 4129 missis
2184 4093 2284 4146 pro
2315 4078 2468 4128 ausis
2482 4097 2503 4140 ,-

1432 4145 1697 4217 Ryckiu‘s:
1747 4163 1922 4200 ausus
1961 4147 2246 4198 codicillos
2260 4165 2281 4207 ;
2335 4144 2502 4200 Gros-

1432 4216 1626 4269 lotius:
1671 4215 1823 4266 orsis
1846 4234 1947 4285 pro
1974 4231 2146 4267 ausas.
2459 4215 2464 4218 ’

1505 4316 1783 4368 invidiam
1819 4324 1871 4366 et
1902 4331 2117 4379 preces.
2186 4313 2257 4366 cf.
2288 4313 2420 4366 infr.
2449 4314 2500 4374 4,
2556 4339 2561 4348 ’

1433 4384 1519 4439 53.
1557 4385 1828 4439 mutatam
1859 4392 1915 4434 et
1936 4399 2131 4448 preces
2156 4382 2397 4434 orditur.
