2794 5085
856 369 1169 457 LIB.1.
1268 368 2390 455 GAP..13.31‘

149 531 544 602 tradidere.
598 511 986 620 omnesque
1017 536 1296 621 praeter
1321 524 1682 628 Lepidum
1709 551 1797 598 va
1842 527 1925 595 ‘'is
1955 552 2120 603 mox
2150 531 2393 602 crimi..

144 634 361 700 nibus
391 642 707 701 struente
734 627 1032 699 Tiberio
1059 628 1525 698 circumventi
1558 638 1750 703 sunt.
1849 625 2090 699 Etiam
2122 628 2215 721 Q.
2236 630 2395 703 Ha-
2432 650 2444 663 ·

142 734 368 805 terius
427 745 498 812 et
548 729 951 801 Mamercus
992 720 1301 802 Scaurus
1363 731 1793 822 suspicacem
1846 734 2169 811 animum
2226 757 2393 825 per-

144 835 530 904 strinxere.
582 829 952 917 Haterius,
1003 838 1168 902 c'um
1211 831 1530 916 dixisset,
1598 830 2041 939 „Quousque
2075 835 2390 926 patieris,

137 935 481 1022 ,‚Caesar,
526 958 679 1029 non
705 886 952 1003 adesse
964 948 1177 1026 caput
1207 934 1312 1002 rei
1339 931 1764 1052 publicae?''
1829 903 2170 1022 Scaurus,
2220 939 2390 1032 quia

137 1039 453 1121 dixerat,
504 1058 702 1127 spem
731 1059 876 1104 esse
901 1061 985 1105 ex
1012 1060 1135 1120 eo,
1178 1058 1329 1105 non
1360 1035 1611 1107 inritas
1640 1035 1795 1105 fore
1807 1050 2102 1108 senatus
2126 1063 2391 1129 preces,

137 1139 337 1233 quod
381 1137 720 1206 relationi
761 1136 1190 1206 consulum-⁹
1168 1161 1324 1207 rure
1363 1137 1787 1207 tribuniciae
1834 1141 2244 1267 potestatisl
2236 1165 2388 1210 non

135 1238 670 1313 intercessisset.
774 1232 864 1307 In
898 1237 1277 1307 Haterium
1321 1238 1560 1308 statim
1603 1233 1930 1308 invectus
1974 1255 2109 1311 est·
2162 1218 2387 1314 Scau-

135 1367 395 1425 rum,
426 1340 544 1410 cui
570 1340 1119 1435 implacabilius
1168 1330 1644 1425 irascebatur,
1718 1340 2001 1410 silentio
2058 1344 2396 1420 tramisit.⁴

74 1466 89 1475 ·
134 1445 504 1534 fessusque
551 1442 858 1511 clamore
898 1443 1257 1526 omnium,
1309 1441 1871 1560 expostulatione
1916 1444 2388 1543 singulorum,

135 1544 333 1613 flexit
356 1536 748 1644 paulatim,
797 1566 950 1611 non
991 1557 1074 1612 ut
1110 1544 1450 1612 fateretur
1491 1543 1753 1634 suscipi
1795 1567 1836 1612 a
1873 1566 1944 1613 se
1980 1544 2383 1636 imperium,

141 1647 257 1713 sed
292 1658 378 1714 ut
425 1666 684 1732 negare
743 1657 813 1713 et
861 1643 1099 1743 rogari
1157 1643 1529 1717 desineret.
1646 1644 1945 1715 Constat
1984 1641 2381 1733 Haterium,

150 1769 299 1814 cum
336 1746 774 1836 deprecandi
807 1769 1013 1815 causa
1041 1744 1387 1836 palatium
1428 1745 1789 1815 introisset
1811 1748 2381 1842 ambulantisque

151 1843 422 1916 Tiberii
484 1869 714 1935 genua
767 1847 1300 1933 advolveretur,
1361 1872 1599 1940 *prope
1652 1871 1693 1915 a
1752 1849 2101 1919 militibus
2155 1848 2398 1922 inter&

143 1950 398 2018 fectum
416 2002 436 2032 ,
491 1946 1060 2042 quiaTiberius,
1111 1971 1277 2018 casu
1309 1973 1402 2017 an
1432 1949 1764 2045 manibus
1796 1950 1945 2018 eius
1974 1951 2379 2041 impeditus,

144 2051 558 2139 prociderat.
690 2073 919 2142 neque
969 2063 1208 2119 tamen
1265 2051 1580 2140 periculo
1629 2051 1810 2120 talis-
1834 2050 1974 2118 viri
1995 2053 2377 2141 -mitigatus
2433 2106 2440 2111 -

96 2164 101 2171 ’
155 2165 285 2234 est,
346 2153 570 2220 donec
611 2148 949 2221 Haterius
976 2145 1372 2239 Augustam
1411 2164 1648 2223 oraret
1690 2151 1980 2244 eiusque
2019 2154 2398 2247 curatissi-A

155 2252 285 2319 mis
310 2253 632 2342 precibus
660 2267 1169 2344 protegeretur.

250 350 523 412 teuit-0⁷

250 416 397 466 sue.
441 418 520 465 ιι.
597 416 616 429 ’

207 2428 418 2481 οηιήεε.
504 2429 634 2482 Piso
676 2426 808 2482 infr.
847 2427 1009 2489 3,15.
1084 2431 1214 2484 Asi·-

136 2493 254 2549 nius
282 2495 472 2551 Gallus
498 2499 549 2558 6,
573 2498 660 2552 23.
721 2498 1018 2552 Arruntius
1049 2501 1100 2560 6,
1125 2501 1212 2555 48.

134 2564 269 2618 Nam
306 2585 621 2637 quanquam
662 2566 933 2620 incertum
971 2568 1210 2622 habeba-

133 2642 247 2696 tur,
318 2646 523 2713 sponte
572 2635 792 2688 Asinius
845 2635 1065 2697 Gallus,
1140 2657 1208 2691 an

128 2702 446 2755 necessitate
485 2703 808 2767 decesserit,
865 2724 980 2757 non
1029 2715 1209 2760 tamen

127 2770 399 2836 incertum
437 2770 574 2830 suit,
607 2790 674 2823 an
714 2782 955 2829 struente
982 2773 1206 2827 Tiberio

130 2838 542 2893 circumventus
569 2838 814 2910 perierit.

192 2925 314 2960 non
365 2912 564 2960 adesse
613 2915 803 2973 eaput
819 2911 907 2962 rei
934 2914 1205 2989 publicae.

128 2973 261 3028 Cod.
306 2976 432 3028 MS.
477 2986 533 3027 et
567 2975 694 3029 inde
740 2987 865 3031 vett.
915 2979 1040 3031 edd.
1090 2998 1205 3031 non

84 3049 319 3097 adesse
355 3054 495 3111 aput
527 3053 581 3097 te
615 3063 699 3097 rez
693 3046 990 3111 Mpublzcae.
1067 3048 1208 3100 Rhe

117 3131 300 3165 nanus
343 3113 616 3174 coniecit,
675 3132 811 3183 quae
850 3134 1002 3168 nunc
1040 3117 1205 3169 edun·

116 3191 226 3234 tur.
290 3182 602 3261 Supersunt
627 3192 808 3234 tamen
836 3192 888 3235 et
911 3184 1046 3237 aliae
1073 3203 1204 3236 con-

115 3250 392 3311 iecturae,
430 3258 490 3300 ut
512 3249 706 3330 Lipsii·
741 3267 859 3302 non
891 3270 1008 3304 esse
1036 3261 1206 3319 eaput

117 3328 170 3368 te
194 3320 289 3369 rei
307 3336 369 3382 p.
431 3318 735 3371 Vertranii.
761 3334 880 3370 non
908 3338 1025 3373 esse
1047 3326 1206 3388 opud

116 3396 171 3437 te
206 3396 381 3453 caput
417 3404 466 3438 r.
538 3386 774 3440 Mureti.
804 3393 1000 3441 deesse
1037 3399 1204 3455 caput

115 3456 199 3505 rei
229 3473 291 3518 p.
382 3453 542 3506 Aldi.
593 3472 706 3505 non
740 3460 935 3508 adesse
971 3462 1123 3520 apud
1150 3468 1206 3508 te

117 3539 239 3574 rem
250 3524 556 3582 publicam.
589 3522 892 3575 Novissime
907 3524 1202 3576 Herrman-

76 3589 81 3592 Ἴ
119 3607 218 3641 nus
246 3591 306 3641 in
336 3600 452 3642 not.
482 3592 551 3647 ad
583 3590 635 3643 h.
666 3590 700 3643 l.
730 3592 1044 3661 proposuit.
1083 3611 1202 3643 non

117 3663 314 3709 adesse
347 3668 525 3722 caput
551 3666 625 3708 te
628 3677 707 3709 rea
703 3663 1007 3725 'qublecae
1000 3664 1025 3701 Ρ
1069 3659 1223 3729 dosst

115 3728 191 3776 du
222 3729 383 3778 nicht
421 3729 515 3780 als
555 3727 755 3787 Haupt
789 3732 885 3780 des
926 3729 1202 3781 Gemein-

114 3810 333 3845 wesens
354 3795 477 3845 hier
502 3799 854 3852 anwohnest.
847 3800 872 3836 9
908 3796 962 3850 h.
994 3817 1041 3850 e.
1069 3797 1197 3850 alibi

111 3862 424 3941 principem
474 3855 616 3930 agis,
677 3884 774 3916 cur
814 3884 931 3917 non
979 3876 1033 3917 et
1069 3865 1199 3918 hic?

112 3927 275 3995 Quae
319 3951 365 3982 si
418 3929 673 3983 Haterius
721 3932 874 3995 dixit,
940 3933 1197 3988 Tiberius

106 3996 251 4049 haud
280 3998 448 4050 dubie
476 3998 549 4048 ob
577 3998 771 4050 malam
797 3999 1114 4055 latinitatem
1145 4013 1197 4054 et

106 4063 450 4119 locutionem
503 4064 752 4119 invectus
802 4078 882 4120 est
918 4070 976 4121 in
1020 4069 1193 4122 illum.

104 4133 336 4187 interim
398 4134 458 4185 in
512 4132 760 4186 Rhenani
819 4139 1194 4191 emendatione

102 4203 538 4282 acquiescamus.
609 4202 722 4254 lam
760 4222 924 4264 vero,
967 4225 1066 4258 cur
1092 4208 1214 4261 Ha-

102 4271 227 4321 terii
242 4272 430 4326 verba
458 4268 796 4349 suspicacem
815 4291 1057 4326 animum
1073 4295 1191 4347 per

104 4338 455 4402 strinxerim,
492 4337 791 4409 quaeritur.
834 4339 1056 4399 Scilicet
1080 4363 1191 4400 vet-

1296 2433 1364 2486 ba
1389 2441 1517 2486 sunt
1542 2431 1871 2504 impatientis
1890 2443 1941 2486 et
1962 2427 2195 2487 obscure
2229 2433 2372 2488 idem

1295 2498 1500 2574 signifn
1493 2511 1637 2565 an,t
1654 2501 1898 2582 quoda
1871 2502 2015 2623 apud
2051 2502 2203 2557 Suet.
2244 2503 2396 2560 Tib..
2446 2551 2452 2559 .

1297 2588 1343 2622 c.
1369 2572 1457 2623 24.
1486 2590 1626 2622 unus
1653 2570 1710 2622 in
1743 2591 1891 2623 numu
1919 2582 1974 2623 tu
2006 2571 2371 2641 proclamasse

1297 2638 1525 2691 dicitur.
1586 2642 1701 2691 Aut
1766 2658 1841 2705 og
1844 2649 1904 2692 αἱ
1953 2651 2052 2691 out
2114 2644 2369 2694 desistat.
2389 2683 2394 2688 ,

1293 2707 1361 2758 Et
1386 2706 1491 2759 nisi
1517 2706 1709 2768 fallor,
1736 2708 1984 2761 Haterius
2012 2717 2199 2762 noster
2223 2709 2370 2761 idem

1290 2774 1384 2827 ille
1423 2785 1501 2827 est
1537 2794 1678 2828 unus
1716 2776 1983 2830 Suetonii.
2057 2776 2134 2829 -Ῑιι
2172 2775 2371 2831 talibus

1293 2843 1441 2896 enim
1479 2844 1641 2902 rebus
1675 2844 1881 2897 variant
1906 2843 2218 2916 scriptores.
2293 2841 2370 2900 cf.

1291 2921 1408 2965 not.
1439 2913 1504 2965 ad
1532 2931 1579 2964 c.
1605 2913 1670 2963 6.

1357 2997 1545 3045 genua
1574 2983 1986 3034 advolveretur.
2048 2980 2368 3044 Pellicerius

1291 3068 1319 3101 a
1362 3049 1433 3099 ud
1482 3048 1797 3106 Broteiium
1848 3048 2069 3102 volebat
2128 3051 2369 3115 genibus

1349 3154 1365 3169 .
1407 3114 1507 3168 inf.
1540 3117 1586 3177 1,
1613 3115 1698 3168 23.
1726 3116 1813 3168 32.
1880 3116 2085 3170 Plin.e
2129 3137 2181 3188 p.
2212 3120 2259 3175 1,
2284 3119 2368 3172 18.

1289 3185 1338 3243 9,
1363 3185 1453 3236 21.
1527 3183 1632 3235 Sed
1661 3182 1858 3236 Noster
1888 3184 2046 3236 etiam
2060 3136 2177 3237 Kn.
2203 3185 2253 3247 6,
2276 3185 2365 3237 49.
2433 3219 2444 3234 1

1290 3252 1372 3317 15,
1394 3253 1480 3306 71.
1548 3250 1684 3304 Hist.
1714 3252 1768 3315 4,
1788 3252 1873 3305 81..

1288 3321 1456 3374 medii
1485 3320 1785 3389 significatu
1810 3272 2017 3373 scribit.
2059 3320 2152 3375 Sic
2168 3321 2367 3374 Graeci

1289 3393 1647 3458 προςκυνεῖν,
1695 3386 2181 3459 προςπιὺσσεσθαι
2220 3407 2364 3443 τινα.
2396 3437 2401 3448 ,

1290 3459 1511 3512 Scilicet
1554 3458 1781 3523 genibus
1815 3460 2065 3522 advolvi,
2125 3460 2367 3511 advolu-

1289 3538 1377 3586 tus
1416 3526 1737 3607 simpliciter
1776 3526 1980 3579 indicat
2030 3536 2227 3580 statum
2273 3526 2365 3583 'vel

1290 3595 1503 3658 locum,
1549 3596 1606 3646 in
1648 3614 1757 3664 quo
1789 3594 1907 3665 quis
1946 3606 2216 3660 versatur3
2260 3613 2365 3662 ge-

1284 3683 1400 3723 nua
1424 3666 1655 3715 advolvi
1676 3673 1752 3716 est
1779 3682 1876 3733 pei
1905 3682 2082 3732 genua
2116 3684 2291 3717 orare.

1343 3735 1682 3798 prociderat.
1758 3731 1829 3783 cf.
1860 3730 2010 3784 Suet.
2041 3731 2164 3785 Tib.
2200 3753 2247 3787 c.
2265 3734 2362 3792 27.
2421 3757 2422 3760 ’

1283 3818 1615 3921 ..gara
1643 3799 2373 3953 .÷22.;551.323d.‡s;2

1280 3937 1421 3989 bene
1451 3937 1682 3991 correxit
1708 3938 1765 3989 in
1793 3956 2031 4005 emsque.

1320 4006 1728 4058 ·curatissimis.-
1801 4006 1894 4057 Sic
1930 3999 2052 4057 MS.
2090 4001 2266 4058 unde'
2274 4026 2359 4059 re·
2437 4012 2440 4016 ⁴
2491 4033 2494 4040 ·

1282 4072 1454 4126 stituit
1480 4063 1735 4125 Pichena.
1809 4073 1907 4124 Ed.
1936 4069 2188 4127 Beroald.
2220 4094 2361 4129 acu-

1279 4144 1600 4203 rectissimas,
1636 4161 1665 4195 e
1692 4142 1759 4194 ..d
1778 4141 2025 4194 Rhenan.
2050 4161 2167 4213 sqq.
2196 4162 2360 4196 aceu-

1278 4212 1595 4276 ratissimts.
1652 4210 1763 4273 An.
1793 4210 1873 4272 14,
1897 4210 1982 4261 21.
2011 4214 2171 4263 ludos
2195 4230 2359 4266 cura·

1279 4281 1389 4331 tuus
1433 4283 1641 4343 editos,⁸
1701 4280 1765 4342 2,
1801 4280 1888 4332 27.
1946 4280 2189 4346 curatius
2235 4284 2355 4336 dis-

1276 4365 1489 4414 seram.

1913 3271 2096 3319 genua
2130 3255 2371 3316 advolvi,
2447 3305 2448 3308 ,
