2794 5085
386 312 539 387 302
614 308 627 317 ·
1189 307 1819 384 ANNALIUM
2240 304 2542 404 2233}

385 488 469 546 ut
494 470 823 542 nondum
846 467 1214 542 exolescat.
1313 465 1674 559 corrupta
1700 468 1796 536 ad
1819 466 2051 536 scelus
2061 464 2650 563 IiiviaSeiauum

384 575 617 672 Lygdi
643 594 927 667 quoque
954 570 1293 661 spadonis
1316 570 1641 641 animum
1665 581 1915 660 stupro
1937 558 2306 656 vinxisse‚·
2340 575 2546 664 quod
2582 574 2648 643 is

384 678 676 772 Lygdus
701 686 927 744 aetate
952 686 1164 764 atque
1184 674 1418 739 forma
1444 674 1650 740 carus
1676 670 1974 740 domino
2001 672 2338 766 interque
2359 675 2646 765 primo-

384 804 500 850 res
538 778 903 846 ministros
940 787 1111 846 erat.
1180 772 1443 843 deinde
1471 774 1661 843 inter
1687 773 2009 841 conscios
2030 774 2164 841 ubi
2186 775 2394 844 locus
2419 799 2647 844 vene-

382 882 529 952 ficii
564 894 981 970 tempusque
1019 875 1407 965 composita
1446 875 1628 957 sint,
1686 898 1770 943 eo
1818 873 2157 944 audaciae
2192 891 2645 968 provectum,

383 997 470 1054 ut
507 992 822 1056 verteret,
852 990 923 1048 et
959 978 1235 1046 occulto
1276 976 1545 1045 indicio
1571 973 1894 1045 Drusum
1928 978 2194 1044 veneni
2233 979 2319 1047 in
2359 994 2644 1071 patrem

388 1106 692 1173 arguens
733 1092 1060 1150 moneret
1100 1076 1518 1163 Tiberium,
1576 1078 1949 1146 vitandam
1983 1079 2395 1169 potionem,
2457 1105 2642 1173 quae

383 1188 619 1279 prima
648 1183 715 1252 ei
744 1182 937 1273 apud
969 1180 1201 1249 filium
1240 1178 1561 1271 epulanti
1593 1179 1993 1253 offerretur.
2058 1205 2142 1248 ea
2181 1182 2443 1251 fraude
2487 1197 2641 1252 tum

384 1311 627 1358 senem
641 1338 665 1370 ‚
702 1296 1080 1376 postquam
1108 1281 1521 1352 convivium
1547 1270 1860 1366 inierat,'
1890 1296 2261 1371 exceptum
2290 1286 2637 1374 poculum

383 1388 624 1462 Druso
667 1385 1076 1458 tradidisse:
1142 1396 1354 1475 atque
1408 1382 1537 1452 illo
1579 1383 1831 1471 ignaro
1874 1394 1945 1451 et
1997 1383 2412 1453 iuveniliter
2455 1382 2638 1454 hau-

385 1492 614 1563 riente
655 1500 934 1559 auctam
965 1485 1441 1575 suspicionem
1456 1537 1480 1568 ,
1536 1497 1879 1576 tanquam
1901 1498 2100 1553 metu
2132 1500 2202 1555 et
2225 1489 2514 1577 pudore
2541 1488 2637 1557 si-

230 1602 239 1611 ’
380 1594 606 1666 himet
629 1591 993 1679 inrogaret
1016 1600 1320 1658 mortem
1333 1640 1355 1672 ,
1394 1609 1614 1680 quam
1641 1584 1830 1679 patri
1856 1599 2228 1662 struxerat.

456 1822 594 1877 CAP.
624 1822 712 1879 10.
744 1827 1037 1884 corrupta.
1108 1817 1217 1872 Int.
1247 1816 1466 1871 adulte·-

385 1892 497 1949 rio:
544 1894 622 1943 ad
652 1892 862 1956 scelus,
896 1890 998 1945 int.
1025 1887 1083 1943 iu
1111 1885 1307 1940 marito
1334 1905 1462 1957 per-

426 1960 730 2015 etraudum.
810 1957 1021 2011 Eodem
1075 1974 1238 2009 seusu
1285 1959 1467 2009 scelus·

384 1981 589 2086 {icitur
617 2028 669 2095 6,
691 2025 781 2082 33.
811 2037 863 2081 et
887 2026 1036 2081 alibi.

452 2140 603 2221 qdod
637 2150 691 2201 is
725 2147 967 2216 Lygdus.
1047 2143 1141 2199 Sic
1176 2144 1301 2201 cod.
1333 2144 1463 2197 MS.

392 2222 515 2277 edd.
541 2230 678 2276 vett.
724 2216 1006 2270 Ernestius
1026 2234 1231 2269 nomen
1244 2214 1472 2282 Lygdus

1547 1817 1672 1872 sim.
1743 1816 1854 1870 Sed
1875 1816 2060 1881 locus,
2094 1817 2162 1871 ad
2199 1836 2371 1889 quem
2408 1817 2505 1872 ille
2544 1838 2634 1874 re-

1547 1886 1739 1957 spicit,
1772 1886 1898 1940 satis
1922 1886 2116 1941 dubiae
2142 1897 2222 1939 est
2248 1887 2410 1951 fidei;
2458 1908 2633 1956 quan-

1548 1955 1836 2077 difflann
1874 1954 1990 2010 veri
2016 1967 2094 2009 est
2122 1957 2181 2009 in
2204 1955 2448 2010 Ernestii
2473 1977 2633 2012 com-

1624 2125 1692 2161 eo
1750 2107 2026 2160 audaciae
2080 2117 2440 2175 provectum.
2543 2108 2633 2165 sie

1546 2176 1677 2233 edd.
1705 2174 1831 2229 Ber.
1850 2177 1970 2229 Alc.
1998 2175 2245 2230 Rhenan.
2271 2197 2397 2248 sqq.
2473 2174 2633 2233 Unus

1552 2242 1829 2297 Bekkerus
1870 2263 2047 2311 nuper
2098 2245 2245 2299 dedit
2292 2247 2632 2315 profectum.

387 2289 639 2362 spurium
664 2297 716 2339 et
739 2305 768 2337 a
796 2286 1089 2356 glossatore
1119 2282 1360 2337 additum
1385 2302 1470 2336 ar·

389 2358 616 2434 guebat3
657 2356 901 2425 expunxit
929 2351 1226 2406 Oberlinus
1256 2362 1309 2403 et
1340 2351 1467 2404 dein

390 2429 497 2484 alii.
577 2424 684 2477 Sed
713 2422 937 2475 minime
963 2422 1028 2473 ab
1056 2438 1157 2471 usu
1188 2419 1465 2471 bonorum

350 2547 351 2552 ,
386 2495 715 2565 scriptorum
734 2491 853 2544 talis
873 2489 1117 2560 repetitio
1137 2486 1390 2539 abhorret
1412 2497 1468 2540 et

388 2566 480 2620 hic
498 2563 619 2616 satis
639 2561 831 2613 idonea
848 2560 959 2610 eius
974 2555 1309 2626 repetitionis
1326 2556 1467 2609 ratio

388 2635 510 2689 fuit.
590 2629 734 2682 'Nam
772 2627 969 2680 vex-bat
1018 2633 1282 2690 corrupta
1316 2662 1331 2677 .
1361 2661 1379 2677 .
1409 2661 1424 2676 .
1450 2659 1471 2678 .

389 2697 672 2763 vinxisse,
734 2695 971 2767 pendent
1022 2714 1051 2746 e
1089 2711 1227 2746 voce
1265 2709 1464 2744 rumo-

388 2788 514 2825 rem
532 2790 552 2831 ‚·
613 2764 915 2835 sequentias
978 2765 1132 2830 qumi
1170 2796 1276 2813 ....
1318 2771 1467 2820 erat,

389 2833 687 2910 explicandi
735 2851 892 2887 causa
937 2832 1003 2886 ab
1041 2830 1161 2902 ipso
1201 2829 1468 2900 scriptore

387 2907 691 2966 adduntur',
735 2901 864 2955 hinc
905 2910 1026 2970 apte
1066 2897 1329 2968 repetitur
1355 2917 1464 2950 no-

387 2994 516 3032 men
554 2972 797 3040 Lygdus.
867 2967 1071 3021 Similis
1110 2966 1269 3038 plane
1309 2966 1464 3019 locus

388 3055 470 3101 est
499 3043 581 3102 12,
606 3041 696 3095 49.
766 3038 831 3091 Is
861 3037 1150 3104 Pelignus,
1187 3053 1351 3105 quem
1379 3054 1465 3087 ea·

387 3116 515 3170 dem
553 3108 854 3165 temeritate
892 3107 1214 3178 interpretes
1263 3113 1465 3157 tracta-

381 3192 538 3239 runt·
1186 3181 1196 3193 ⁶

454 3299 608 3364 locus
659 3315 715 3350 υ.
767 3303 1112 3363 tempusque.
1193 3289 1286 3343 Sic
1339 3290 1465 3354 cod.

384 3370 514 3424 MS.
571 3365 693 3420 edd.
744 3363 996 3416 Beroaid.
1049 3361 1169 3413 Ale.
1216 3359 1463 3414 Rhenan.

386 3438 520 3492 ΑΜ.
591 3431 842 3488 Restituit
868 3429 1131 3489 Picheua,
1177 3447 1305 3482 cum
1342 3439 1466 3481 ante

336 3514 341 3519 “
386 3526 514 3561 eum
558 3503 839 3556 ederetur:
892 3501 1044 3552 Iocus
1086 3502 1169 3563 υζ,
1223 3505 1465 3562 ίειηραε,

387 3576 503 3631 sine
530 3589 633 3642 cop
641 3568 724 3621 ula
750 3583 876 3642 que.

386 3781 507 3894 sqq:
562 3807 798 3862 ‘contra
837 3801 958 3855 edd.
988 3801 1112 3855 Ber.
1142 3802 1264 3856 Αιο.
1290 3803 1466 3855 Rhea.

383 3883 627 3950 altaeque
692 3872 998 3940 composita
1055 3881 1228 3933 sune,
1304 3873 1468 3941 >quod

388 3947 573 4004 nescio
615 3964 683 3999 an
722 3937 913 3994 'veram
953 3938 1188 3992 exhibeat
1238 3942 1468 4010 scriptu.

387 4036 527 4071 ram.
581 4013 652 4067 cf.
692 4020 807 4064 not.
855 4009 920 4068 ad
947 4009 999 4071 2,
1025 4008 1111 4060 26.
1186 4006 1468 4061 Ernestius

388 4104 490 4157 pro
526 4086 642 4136 sint
676 4087 785 4134 aut*
819 4086 948 4131 sunt
989 4077 1202 4131 volebat
1235 4076 1482 4144 suerint>

388 4154 475 4209 vel
503 4152 782 4220 siu-rant,
831 4155 1023 4199 contra
1064 4162 1228 4213 quem
1270 4143 1469 4214 Wop-

391 4221 605 4274 kensius
680 4214 932 4268 disseruit
991 4212 1218 4266 eandem
1273 4212 1468 4265 enalla-

388 4308 493 4360 gen
531 4282 798 4356 temporis
833 4301 947 4338 esse
990 4282 1076 4344 14,
1113 4282 1197 4334 11.
1249 4291 1303 4334 et
1341 4299 1467 4353 pas..

1552 2316 1626 2367 At
1661 2314 1716 2377 2,
1750 2313 1839 2368 55.
1892 2313 2177 2366 simillimo
2220 2314 2348 2368 loco
2389 2317 2633 2387 plerique

1551 2382 1915 2435 recentiorum
1945 2392 2244 2449 provectus·
2279 2392 2633 2439 mutaverunt

1551 2451 1611 2503 in
1649 2450 1962 2519 profecerat,
2019 2450 2108 2506 hic
2140 2461 2480 2517 provectum
2516 2472 2629 2505 ser-

1553 2528 1716 2582 vant,
1763 2519 1900 2572 mira
1936 2519 2317 2574 inconstantia.
2400 2521 2469 2574 ln
2509 2519 2630 2576 loco

1552 2587 1692 2641 Hist.
1737 2587 1792 2654 8,
1841 2588 1923 2641 17.
1968 2607 2033 2640 eo
2063 2598 2364 2654 postremo
2405 2591 2652 2662 ardor-ir

1543 2665 1848 2724 provectus
1884 2667 2000 2723 est,
2051 2668 2105 2710 et
2144 2657 2307 2711 ceteri
2332 2668 2388 2710 et
2413 2658 2631 2713 Bekke·

1488 2753 1500 2782 ι
1550 2744 1645 2778 rus
1684 2736 1925 2780 veterem
1963 2727 2291 2796 scripturam
2333 2728 2625 2781 retinuere.

1547 2791 1701 2846 Libri
1783 2803 1914 2847 vett.
1987 2801 2298 2847 constanter
2363 2805 2628 2861 proved„

1551 2862 1700 2934 quod
1728 2862 1839 2916 suis
1868 2862 2001 2916 locis
2028 2861 2270 2933 reposui.

1615 2964 1766 3015 quae
1799 2947 1998 3012 prima
2037 2947 2094 2999 ei
2127 2953 2284 3014 apud
2307 2949 2365 3019 s.
2407 2968 2456 3004 e.
2541 2950 2630 3006 Sic

1551 3015 1861 3069 emendavit
1910 3011 2225 3069 Rhenanus.
2325 3017 2468 3072 Edd.
2509 3019 2627 3074 Ber.

1552 3084 1675 3137 Alc.
1716 3082 1893 3138 Rhea.
1923 3081 2232 3136 1533.‘A1d.
2264 3091 2413 3153 quae
2435 3090 2629 3155 prima

1553 3161 1610 3206 et
1634 3156 1789 3220 apud
1802 3150 1862 3220 s.
1893 3171 1943 3205 e.
2013 3150 2323 3222 Utramque
2348 3175 2544 3210 vocem
2575 3164 2627 3212 ct

1556 3229 1606 3273 et
1674 3221 1730 3271 ei
1778 3220 1986 3291 saepius
2038 3224 2334 3291 permutari
2387 3222 2446 3277 in
2501 3224 2620 3279 cod.

1554 3288 1719 3341 MSS.
1748 3285 1874 3341 satis
1899 3293 2126 3341 constat.
2167 3290 2241 3342 cf.
2269 3301 2388 3344 not.
2418 3293 2487 3345 ad
2513 3293 2561 3356 3,
2573 3293 2622 3346 8.

1549 3356 1757 3409 Verum
1791 3358 2073 3427 permultis
2110 3357 2245 3410 locis
2284 3360 2520 3413 editores
2557 3373 2624 3414 te·

1551 3443 1700 3480 mere
1739 3426 1994 3507 copulam
2033 3433 2087 3476 et
2124 3427 2350 3497 abegere
2387 3430 2538 3482 bono
2576 3439 2624 3483 et

1549 3493 1777 3562 antiquo
1815 3514 1932 3546 iure
1969 3493 2219 3564 positam.
2285 3494 2360 3550 cf.
2407 3506 2524 3550 not.
2560 3495 2622 3550 ad

1555 3565 1601 3624 1,
1630 3563 1713 3612 55.
1790 3561 1976 3636 Neque
2015 3561 2195 3631 inepte
2237 3563 2511 3617 diceretur
2535 3567 2621 3635 po‘·

1552 3631 1633 3683 tio
1647 3669 1663 3692 ,
1710 3648 1856 3697 quae
1899 3632 2092 3696 prima
2139 3640 2196 3681 et
2243 3637 2417 3697 apud,
2433 3634 2618 3702 filium

1446 3703 1463 3719 ⁰
1545 3700 1781 3767 pulanti
1800 3696 2116 3764 offerretur.
2176 3698 2459 3752 Placidior
2488 3699 2619 3752 haud

1554 3765 1717 3821 dubie
1753 3778 1834 3821 est
1870 3765 2089 3819 auribus
2129 3767 2332 3821 nostris
2373 3768 2624 3822 emenda·

1552 3837 1632 3889 tio
1659 3833 1929 3890 Rhenani-

1624 3954 1696 3988 σα
1727 3935 1946 4003 fraude
1995 3943 2119 3985 tum
2169 3953 2381 3989 senem.

1549 4004 1803 4058 Ernestio
1875 4002 2093 4073 aliisque
2157 4012 2467 4074 suspectum
2530 4014 2621 4057 est.

1552 4075 1663 4127 Pro
1690 4082 1812 4122 tum
1832 4072 2023 4128 volunt
2046 4079 2293 4136 coptum,
2319 4073 2620 4129 inductum,

1552 4138 1844 4206 deceptum
1874 4140 1955 4192 vel
1979 4137 2153 4192 simite
2183 4140 2333 4209 quid.
2405 4140 2619 4192 Frustra

1554 4210 1628 4264 cf.
1685 4219 1855 4263 notat.
1910 4207 1975 4261 ad
2010 4207 2061 4270 2,
2102 4209 2155 4260 9.
2214 4217 2338 4260 tum
2378 4211 2618 4275 permis·-

1553 4295 1706 4331 sum.
2011 4301 2018 4306 ’
2326 4297 2335 4306 ·

2481 3934 2620 3987 Tum
